% Encoding: UTF-8

@Preamble{ " \newcommand{\noop}[1]{} " }


@article{Yunes_BHmod,
      author         = "Yunes, Nicolas and Stein, Leo C.",
      title          = "{Non-Spinning Black Holes in Alternative Theories of
                        Gravity}",
      journal        = "Phys. Rev.",
      volume         = "D83",
      year           = "2011",
      pages          = "104002",
      doi            = "10.1103/PhysRevD.83.104002",
      eprint         = "1101.2921",
      archivePrefix  = "arXiv",
      primaryClass   = "gr-qc",
      SLACcitation   = "%%CITATION = ARXIV:1101.2921;%%"
}

@article{Yunes_dcs,
      author         = "Yunes, Nicolas and Pretorius, Frans",
      title          = "{Dynamical Chern-Simons Modified Gravity. I. Spinning
                        Black Holes in the Slow-Rotation Approximation}",
      journal        = "Phys. Rev.",
      volume         = "D79",
      year           = "2009",
      pages          = "084043",
      doi            = "10.1103/PhysRevD.79.084043",
      eprint         = "0902.4669",
      archivePrefix  = "arXiv",
      primaryClass   = "gr-qc",
      SLACcitation   = "%%CITATION = ARXIV:0902.4669;%%"
}

@article{Alexander_cs,
      author         = "Alexander, Stephon and Yunes, Nicolas",
      title          = "{Chern-Simons Modified General Relativity}",
      journal        = "Phys. Rept.",
      volume         = "480",
      year           = "2009",
      pages          = "1-55",
      doi            = "10.1016/j.physrep.2009.07.002",
      eprint         = "0907.2562",
      archivePrefix  = "arXiv",
      primaryClass   = "hep-th",
      SLACcitation   = "%%CITATION = ARXIV:0907.2562;%%"
}

@article{Anderson2016,
      author         = "Anderson, David and Yunes, Nicolas and Barausse, Enrico",
      title          = "{Effect of cosmological evolution on Solar System
                        constraints and on the scalarization of neutron stars in
                        massless scalar-tensor theories}",
      journal        = "Phys. Rev.",
      volume         = "D94",
      year           = "2016",
      number         = "10",
      pages          = "104064",
      doi            = "10.1103/PhysRevD.94.104064",
      eprint         = "1607.08888",
      archivePrefix  = "arXiv",
      primaryClass   = "gr-qc",
      SLACcitation   = "%%CITATION = ARXIV:1607.08888;%%"
}

@article{Sampson2014,
  title = {Projected constraints on scalarization with gravitational waves from neutron star binaries},
  author = {Sampson, Laura and Yunes, Nicol\'as and Cornish, Neil and Ponce, Marcelo and Barausse, Enrico and Klein, Antoine and Palenzuela, Carlos and Lehner, Luis},
  journal = {Phys. Rev. D},
  volume = {90},
  issue = {12},
  pages = {124091},
  numpages = {27},
  year = {2014},
  month = {Dec},
  publisher = {American Physical Society},
  doi = {10.1103/PhysRevD.90.124091},
  url = {https://link.aps.org/doi/10.1103/PhysRevD.90.124091}
}


@article{Damour1993_2,
  title = {Tensor-scalar cosmological models and their relaxation toward general relativity},
  author = {Damour, Thibault and Nordtvedt, Kenneth},
  journal = {Phys. Rev. D},
  volume = {48},
  issue = {8},
  pages = {3436--3450},
  numpages = {0},
  year = {1993},
  month = {Oct},
  publisher = {American Physical Society},
  doi = {10.1103/PhysRevD.48.3436},
  url = {https://link.aps.org/doi/10.1103/PhysRevD.48.3436}
}


@article{Damour1996,
  title = {Tensor-scalar gravity and binary-pulsar experiments},
  author = {Damour, Thibault and Esposito-Far\`ese, Gilles},
  journal = {Phys. Rev. D},
  volume = {54},
  issue = {2},
  pages = {1474--1491},
  numpages = {0},
  year = {1996},
  month = {Jul},
  publisher = {American Physical Society},
  doi = {10.1103/PhysRevD.54.1474},
  url = {https://link.aps.org/doi/10.1103/PhysRevD.54.1474}
}


@article{Damour1993,
  title = {Nonperturbative strong-field effects in tensor-scalar theories of gravitation},
  author = {Damour, Thibault and Esposito-Far\`ese, Gilles},
  journal = {Phys. Rev. Lett.},
  volume = {70},
  issue = {15},
  pages = {2220--2223},
  numpages = {0},
  year = {1993},
  month = {Apr},
  publisher = {American Physical Society},
  doi = {10.1103/PhysRevLett.70.2220},
  url = {https://link.aps.org/doi/10.1103/PhysRevLett.70.2220}
}


@article{Damour1992,
	doi = {10.1088/0264-9381/9/9/015},
	url = {https://doi.org/10.1088%2F0264-9381%2F9%2F9%2F015},
	year = 1992,
	month = {sep},
	publisher = {{IOP} Publishing},
	volume = {9},
	number = {9},
	pages = {2093--2176},
	author = {T Damour and G Esposito-Farese},
	title = {Tensor-multi-scalar theories of gravitation},
	journal = {Classical and Quantum Gravity},
}

@Article{Jordan1959,
author="Jordan, P.",
title="Zum gegenw{\"a}rtigen Stand der Diracschen kosmologischen Hypothesen",
journal="Zeitschrift f{\"u}r Physik",
year="1959",
month="Feb",
day="01",
volume="157",
number="1",
pages="112--121",
issn="0044-3328",
doi="10.1007/BF01375155",
url="https://doi.org/10.1007/BF01375155"
}


@article{Brans1961,
  title = {Mach's Principle and a Relativistic Theory of Gravitation},
  author = {Brans, C. and Dicke, R. H.},
  journal = {Phys. Rev.},
  volume = {124},
  issue = {3},
  pages = {925--935},
  numpages = {0},
  year = {1961},
  month = {Nov},
  publisher = {American Physical Society},
  doi = {10.1103/PhysRev.124.925},
  url = {https://link.aps.org/doi/10.1103/PhysRev.124.925}
}


@article{Myers:1969zz,
      author         = "Myers, William D. and Swiatecki, W. J.",
      title          = "{Average nuclear properties}",
      journal        = "Annals Phys.",
      volume         = "55",
      year           = "1969",
      pages          = "395",
      doi            = "10.1016/0003-4916(69)90202-4",
      SLACcitation   = "%%CITATION = APNYA,55,395;%%"
}

@article{NICER:nsEoS,
      author         = "Sieniawska, M. and Bejger, M. and Haskell, B.",
      title          = "{Estimating the equation of state from measurements of
                        neutron star radii with 5\% accuracy}",
      journal        = "Astron. Astrophys.",
      volume         = "616",
      year           = "2018",
      pages          = "A105",
      doi            = "10.1051/0004-6361/201833071",
      eprint         = "1803.08813",
      archivePrefix  = "arXiv",
      primaryClass   = "astro-ph.HE",
      SLACcitation   = "%%CITATION = ARXIV:1803.08813;%%"
}

@article{Zack:nuclearConstraints,
  title = {Constraining nuclear matter parameters with GW170817},
  author = {Carson, Zack and Steiner, Andrew W. and Yagi, Kent},
  journal = {Phys. Rev. D},
  volume = {99},
  issue = {4},
  pages = {043010},
  numpages = {15},
  year = {2019},
  month = {Feb},
  publisher = {American Physical Society},
  doi = {10.1103/PhysRevD.99.043010},
  url = {https://link.aps.org/doi/10.1103/PhysRevD.99.043010}
}

@article{Zack:URrelations,
  title = {Equation-of-state insensitive relations after GW170817},
  author = {Carson, Zack and Chatziioannou, Katerina and Haster, Carl-Johan and Yagi, Kent and Yunes, Nicol\'as},
  journal = {Phys. Rev. D},
  volume = {99},
  issue = {8},
  pages = {083016},
  numpages = {17},
  year = {2019},
  month = {Apr},
  publisher = {American Physical Society},
  doi = {10.1103/PhysRevD.99.083016},
  url = {https://link.aps.org/doi/10.1103/PhysRevD.99.083016}
}

@article{Tahura_GdotMap,
      author         = "Tahura, Sharaban and Yagi, Kent",
      title          = "{Parameterized Post-Einsteinian Gravitational Waveforms
                        in Various Modified Theories of Gravity}",
      journal        = "Phys. Rev.",
      volume         = "D98",
      year           = "2018",
      number         = "8",
      pages          = "084042",
      doi            = "10.1103/PhysRevD.98.084042",
      eprint         = "1809.00259",
      archivePrefix  = "arXiv",
      primaryClass   = "gr-qc",
      SLACcitation   = "%%CITATION = ARXIV:1809.00259;%%"
}

@article{Abbott_IMRcon2,
      author         = "Abbott, B. P. and others",
      title          = "{Tests of general relativity with GW150914}",
      collaboration  = "LIGO Scientific, Virgo",
      journal        = "Phys. Rev. Lett.",
      volume         = "116",
      year           = "2016",
      number         = "22",
      pages          = "221101",
      doi            = "10.1103/PhysRevLett.116.221101,
                        10.1103/PhysRevLett.121.129902",
      note           = "[Erratum: Phys. Rev. Lett.121,no.12,129902(2018)]",
      eprint         = "1602.03841",
      archivePrefix  = "arXiv",
      primaryClass   = "gr-qc",
      reportNumber   = "LIGO-P1500213",
      SLACcitation   = "%%CITATION = ARXIV:1602.03841;%%"
}

@article{Ghosh_IMRcon2,
      author         = "Ghosh, Abhirup and Johnson-Mcdaniel, Nathan K. and Ghosh,
                        Archisman and Mishra, Chandra Kant and Ajith, Parameswaran
                        and Del Pozzo, Walter and Berry, Christopher P. L. and
                        Nielsen, Alex B. and London, Lionel",
      title          = "{Testing general relativity using gravitational wave
                        signals from the inspiral, merger and ringdown of binary
                        black holes}",
      journal        = "Class. Quant. Grav.",
      volume         = "35",
      year           = "2018",
      number         = "1",
      pages          = "014002",
      doi            = "10.1088/1361-6382/aa972e",
      eprint         = "1704.06784",
      archivePrefix  = "arXiv",
      primaryClass   = "gr-qc",
      reportNumber   = "LIGO-P1700006, ICTS-2017-3",
      SLACcitation   = "%%CITATION = ARXIV:1704.06784;%%"
}

@article{Ghosh_IMRcon,
      author         = "Ghosh, Abhirup and others",
      title          = "{Testing general relativity using golden black-hole
                        binaries}",
      journal        = "Phys. Rev.",
      volume         = "D94",
      year           = "2016",
      number         = "2",
      pages          = "021101",
      doi            = "10.1103/PhysRevD.94.021101",
      eprint         = "1602.02453",
      archivePrefix  = "arXiv",
      primaryClass   = "gr-qc",
      reportNumber   = "LIGO-P1500185-V10, ICTS-2016-1, LIGO-P1500185-V11",
      SLACcitation   = "%%CITATION = ARXIV:1602.02453;%%"
}

@article{Abbott_IMRcon,
      author         = "Abbott, B. P. and others",
      title          = "{Tests of General Relativity with the Binary Black Hole
                        Signals from the LIGO-Virgo Catalog GWTC-1}",
      collaboration  = "LIGO Scientific, Virgo",
      year           = "2019",
      eprint         = "1903.04467",
      archivePrefix  = "arXiv",
      primaryClass   = "gr-qc",
      reportNumber   = "LIGO-P1800316",
      SLACcitation   = "%%CITATION = ARXIV:1903.04467;%%"
}

@article{Vishveshwara_QNM,
  title = {Stability of the Schwarzschild Metric},
  author = {Vishveshwara, C. V.},
  journal = {Phys. Rev. D},
  volume = {1},
  issue = {10},
  pages = {2870--2879},
  numpages = {0},
  year = {1970},
  month = {May},
  publisher = {American Physical Society},
  doi = {10.1103/PhysRevD.1.2870},
  url = {https://link.aps.org/doi/10.1103/PhysRevD.1.2870}
}


@article{Chandrasekhar_QNM,
 ISSN = {00804630},
 URL = {http://www.jstor.org/stable/78902},
 abstract = {The quasi-normal modes of a black hole represent solutions of the relevant perturbation equations which satisfy the boundary conditions appropriate for purely outgoing (gravitational) waves at infinity and purely ingoing waves at the horizon. For the Schwarzschild black hole the problem reduces to one of finding such solutions for a one-dimensional wave equation (Zerilli's equation) for a potential which is positive everywhere and is of short-range. The notion of quasi-normal modes of such one-dimensional potential barriers is examined with two illustrative examples; and numerical solutions for Zerilli's potential are obtained by integrating the associated Riccati equation.},
 author = {S. Chandrasekhar and S. Detweiler},
 journal = {Proceedings of the Royal Society of London. Series A, Mathematical and Physical Sciences},
 number = {1639},
 pages = {441--452},
 publisher = {The Royal Society},
 title = {The Quasi-Normal Modes of the Schwarzschild Black Hole},
 volume = {344},
 year = {1975}
}

@article{Brito_mg,
      author         = "Brito, Richard and Cardoso, Vitor and Pani, Paolo",
      title          = "{Massive spin-2 fields on black hole spacetimes:
                        Instability of the Schwarzschild and Kerr solutions and
                        bounds on the graviton mass}",
      journal        = "Phys. Rev.",
      volume         = "D88",
      year           = "2013",
      number         = "2",
      pages          = "023514",
      doi            = "10.1103/PhysRevD.88.023514",
      eprint         = "1304.6725",
      archivePrefix  = "arXiv",
      primaryClass   = "gr-qc",
      SLACcitation   = "%%CITATION = ARXIV:1304.6725;%%"
}

@article{Hare_mg,
author = {Hare, M. G.},
title = {Mass of the Graviton},
journal = {Canadian Journal of Physics},
volume = {51},
number = {4},
pages = {431-433},
year = {1973},
doi = {10.1139/p73-056},
URL = {https://doi.org/10.1139/p73-056},
eprint = {https://doi.org/10.1139/p73-056}
}

@article{Goldhaber_mg,
  title = {Mass of the graviton},
  author = {Goldhaber, Alfred S. and Nieto, Michael Martin},
  journal = {Phys. Rev. D},
  volume = {9},
  issue = {4},
  pages = {1119--1121},
  numpages = {0},
  year = {1974},
  month = {Feb},
  publisher = {American Physical Society},
  doi = {10.1103/PhysRevD.9.1119},
  url = {https://link.aps.org/doi/10.1103/PhysRevD.9.1119}
}

@article{Finn_mg,
      author         = "Finn, Lee Samuel and Sutton, Patrick J.",
      title          = "{Bounding the mass of the graviton using binary pulsar
                        observations}",
      journal        = "Phys. Rev.",
      volume         = "D65",
      year           = "2002",
      pages          = "044022",
      doi            = "10.1103/PhysRevD.65.044022",
      eprint         = "gr-qc/0109049",
      archivePrefix  = "arXiv",
      primaryClass   = "gr-qc",
      SLACcitation   = "%%CITATION = GR-QC/0109049;%%"
}

@article{Talmadge_mg,
  title = {Model-Independent Constraints on Possible Modifications of Newtonian Gravity},
  author = {Talmadge, C. and Berthias, J. -P. and Hellings, R. W. and Standish, E. M.},
  journal = {Phys. Rev. Lett.},
  volume = {61},
  issue = {10},
  pages = {1159--1162},
  numpages = {0},
  year = {1988},
  month = {Sep},
  publisher = {American Physical Society},
  doi = {10.1103/PhysRevLett.61.1159},
  url = {https://link.aps.org/doi/10.1103/PhysRevLett.61.1159}
}


@article{Calcagni_mf4,
      author         = "Calcagni, Gianluca",
      title          = "{Lorentz violations in multifractal spacetimes}",
      journal        = "Eur. Phys. J.",
      volume         = "C77",
      year           = "2017",
      number         = "5",
      pages          = "291",
      doi            = "10.1140/epjc/s10052-017-4841-6",
      eprint         = "1603.03046",
      archivePrefix  = "arXiv",
      primaryClass   = "gr-qc",
      SLACcitation   = "%%CITATION = ARXIV:1603.03046;%%"
}

@article{Calcagni_mf3,
      author         = "Calcagni, Gianluca",
      title          = "{Geometry and field theory in multi-fractional
                        spacetime}",
      journal        = "JHEP",
      volume         = "01",
      year           = "2012",
      pages          = "065",
      doi            = "10.1007/JHEP01(2012)065",
      eprint         = "1107.5041",
      archivePrefix  = "arXiv",
      primaryClass   = "hep-th",
      reportNumber   = "AEI-2011-037",
      SLACcitation   = "%%CITATION = ARXIV:1107.5041;%%"
}

@article{Calcagni_mf2,
      author         = "Calcagni, Gianluca",
      title          = "{Geometry of fractional spaces}",
      journal        = "Adv. Theor. Math. Phys.",
      volume         = "16",
      year           = "2012",
      number         = "2",
      pages          = "549-644",
      doi            = "10.4310/ATMP.2012.v16.n2.a5",
      eprint         = "1106.5787",
      archivePrefix  = "arXiv",
      primaryClass   = "hep-th",
      reportNumber   = "AEI-2011-029",
      SLACcitation   = "%%CITATION = ARXIV:1106.5787;%%"
}

@article{Calcagni_mf,
      author         = "Calcagni, Gianluca",
      title          = "{Fractal universe and quantum gravity}",
      journal        = "Phys. Rev. Lett.",
      volume         = "104",
      year           = "2010",
      pages          = "251301",
      doi            = "10.1103/PhysRevLett.104.251301",
      eprint         = "0912.3142",
      archivePrefix  = "arXiv",
      primaryClass   = "hep-th",
      reportNumber   = "AEI-2009-125",
      SLACcitation   = "%%CITATION = ARXIV:0912.3142;%%"
}

@article{Blas_horava,
      author         = "Blas, Diego and Sanctuary, Hillary",
      title          = "{Gravitational Radiation in Horava Gravity}",
      journal        = "Phys. Rev.",
      volume         = "D84",
      year           = "2011",
      pages          = "064004",
      doi            = "10.1103/PhysRevD.84.064004",
      eprint         = "1105.5149",
      archivePrefix  = "arXiv",
      primaryClass   = "gr-qc",
      SLACcitation   = "%%CITATION = ARXIV:1105.5149;%%"
}

@article{Vacaru_horava,
      author         = "Vacaru, Sergiu I.",
      title          = "{Modified Dispersion Relations in Horava-Lifshitz Gravity
                        and Finsler Brane Models}",
      journal        = "Gen. Rel. Grav.",
      volume         = "44",
      year           = "2012",
      pages          = "1015-1042",
      doi            = "10.1007/s10714-011-1324-1",
      eprint         = "1010.5457",
      archivePrefix  = "arXiv",
      primaryClass   = "math-ph",
      SLACcitation   = "%%CITATION = ARXIV:1010.5457;%%"
}

@article{Horava_2,
      author         = "Horava, Petr",
      title          = "{Quantum Gravity at a Lifshitz Point}",
      journal        = "Phys. Rev.",
      volume         = "D79",
      year           = "2009",
      pages          = "084008",
      doi            = "10.1103/PhysRevD.79.084008",
      eprint         = "0901.3775",
      archivePrefix  = "arXiv",
      primaryClass   = "hep-th",
      SLACcitation   = "%%CITATION = ARXIV:0901.3775;%%"
}

@article{Horava,
      author         = "Horava, Petr",
      title          = "{Membranes at Quantum Criticality}",
      journal        = "JHEP",
      volume         = "03",
      year           = "2009",
      pages          = "020",
      doi            = "10.1088/1126-6708/2009/03/020",
      eprint         = "0812.4287",
      archivePrefix  = "arXiv",
      primaryClass   = "hep-th",
      SLACcitation   = "%%CITATION = ARXIV:0812.4287;%%"
}

@article{Sefiedgar_edt,
      author         = "Sefiedgar, A. S. and Nozari, K. and Sepangi, H. R.",
      title          = "{Modified dispersion relations in extra dimensions}",
      journal        = "Phys. Lett.",
      volume         = "B696",
      year           = "2011",
      pages          = "119-123",
      doi            = "10.1016/j.physletb.2010.11.067",
      eprint         = "1012.1406",
      archivePrefix  = "arXiv",
      primaryClass   = "gr-qc",
      SLACcitation   = "%%CITATION = ARXIV:1012.1406;%%"
}

@article{AmelinoCamelia_dsr3,
      author         = "Amelino-Camelia, Giovanni",
      title          = "{Doubly-Special Relativity: Facts, Myths and Some Key
                        Open Issues}",
      journal        = "Symmetry",
      volume         = "2",
      year           = "2010",
      pages          = "230-271",
      doi            = "10.3390/sym2010230, 10.1142/9789814287333_0006",
      eprint         = "1003.3942",
      archivePrefix  = "arXiv",
      primaryClass   = "gr-qc",
      SLACcitation   = "%%CITATION = ARXIV:1003.3942;%%"
}

@article{AmelinoCamelia_dsr2,
      author         = "Amelino-Camelia, Giovanni",
      title          = "{Doubly special relativity}",
      journal        = "Nature",
      volume         = "418",
      year           = "2002",
      pages          = "34-35",
      doi            = "10.1038/418034a",
      eprint         = "gr-qc/0207049",
      archivePrefix  = "arXiv",
      primaryClass   = "gr-qc",
      SLACcitation   = "%%CITATION = GR-QC/0207049;%%"
}

@article{Magueijo_dsr,
      author         = "Magueijo, Joao and Smolin, Lee",
      title          = "{Lorentz invariance with an invariant energy scale}",
      journal        = "Phys. Rev. Lett.",
      volume         = "88",
      year           = "2002",
      pages          = "190403",
      doi            = "10.1103/PhysRevLett.88.190403",
      eprint         = "hep-th/0112090",
      archivePrefix  = "arXiv",
      primaryClass   = "hep-th",
      SLACcitation   = "%%CITATION = HEP-TH/0112090;%%"
}

@article{AmelinoCamelia_dsr,
      author         = "Amelino-Camelia, Giovanni",
      title          = "{Testable scenario for relativity with minimum length}",
      journal        = "Phys. Lett.",
      volume         = "B510",
      year           = "2001",
      pages          = "255-263",
      doi            = "10.1016/S0370-2693(01)00506-8",
      eprint         = "hep-th/0012238",
      archivePrefix  = "arXiv",
      primaryClass   = "hep-th",
      SLACcitation   = "%%CITATION = HEP-TH/0012238;%%"
}

@article{deRham_mg,
      author         = "de Rham, Claudia",
      title          = "{Massive Gravity}",
      journal        = "Living Rev. Rel.",
      volume         = "17",
      year           = "2014",
      pages          = "7",
      doi            = "10.12942/lrr-2014-7",
      eprint         = "1401.4173",
      archivePrefix  = "arXiv",
      primaryClass   = "hep-th",
      SLACcitation   = "%%CITATION = ARXIV:1401.4173;%%"
}

@article{Hinterbichler_mg,
      author         = "Hinterbichler, Kurt",
      title          = "{Theoretical Aspects of Massive Gravity}",
      journal        = "Rev. Mod. Phys.",
      volume         = "84",
      year           = "2012",
      pages          = "671-710",
      doi            = "10.1103/RevModPhys.84.671",
      eprint         = "1105.3735",
      archivePrefix  = "arXiv",
      primaryClass   = "hep-th",
      SLACcitation   = "%%CITATION = ARXIV:1105.3735;%%"
}

@article{Rubakov_mg,
      author         = "Rubakov, V. A. and Tinyakov, P. G.",
      title          = "{Infrared-modified gravities and massive gravitons}",
      journal        = "Phys. Usp.",
      volume         = "51",
      year           = "2008",
      pages          = "759-792",
      doi            = "10.1070/PU2008v051n08ABEH006600",
      eprint         = "0802.4379",
      archivePrefix  = "arXiv",
      primaryClass   = "hep-th",
      reportNumber   = "ULB-TH-08-07",
      SLACcitation   = "%%CITATION = ARXIV:0802.4379;%%"
}

@article{Will_mg,
      author         = "Will, Clifford M.",
      title          = "{Bounding the mass of the graviton using gravitational
                        wave observations of inspiralling compact binaries}",
      journal        = "Phys. Rev.",
      volume         = "D57",
      year           = "1998",
      pages          = "2061-2068",
      doi            = "10.1103/PhysRevD.57.2061",
      eprint         = "gr-qc/9709011",
      archivePrefix  = "arXiv",
      primaryClass   = "gr-qc",
      reportNumber   = "WUGRAV-97-4",
      SLACcitation   = "%%CITATION = GR-QC/9709011;%%"
}

@article{Mirshekari_MDR,
      author         = "Mirshekari, Saeed and Yunes, Nicolas and Will, Clifford
                        M.",
      title          = "{Constraining Generic Lorentz Violation and the Speed of
                        the Graviton with Gravitational Waves}",
      journal        = "Phys. Rev.",
      volume         = "D85",
      year           = "2012",
      pages          = "024041",
      doi            = "10.1103/PhysRevD.85.024041",
      eprint         = "1110.2720",
      archivePrefix  = "arXiv",
      primaryClass   = "gr-qc",
      SLACcitation   = "%%CITATION = ARXIV:1110.2720;%%"
}

@article{Emparan_Mdot,
      author         = "Emparan, Roberto and Garcia-Bellido, Juan and Kaloper,
                        Nemanja",
      title          = "{Black hole astrophysics in AdS brane worlds}",
      journal        = "JHEP",
      volume         = "01",
      year           = "2003",
      pages          = "079",
      doi            = "10.1088/1126-6708/2003/01/079",
      eprint         = "hep-th/0212132",
      archivePrefix  = "arXiv",
      primaryClass   = "hep-th",
      reportNumber   = "IFT-UAM-CSIC-02-56",
      SLACcitation   = "%%CITATION = HEP-TH/0212132;%%"
}

@article{Yagi_EDmap,
      author         = "Yagi, Kent and Tanahashi, Norihiro and Tanaka, Takahiro",
      title          = "{Probing the size of extra dimension with gravitational
                        wave astronomy}",
      journal        = "Phys. Rev.",
      volume         = "D83",
      year           = "2011",
      pages          = "084036",
      doi            = "10.1103/PhysRevD.83.084036",
      eprint         = "1101.4997",
      archivePrefix  = "arXiv",
      primaryClass   = "gr-qc",
      reportNumber   = "KUNS-2319, YITP-11-11",
      SLACcitation   = "%%CITATION = ARXIV:1101.4997;%%"
}

@article{Gnedin_ED,
      author         = "Gnedin, Oleg Y. and Maccarone, Thomas J. and Psaltis,
                        Dimitrios and Zepf, Stephen E.",
      title          = "{Shrinking the Braneworld: Black Hole in a Globular
                        Cluster}",
      journal        = "Astrophys. J.",
      volume         = "705",
      year           = "2009",
      pages          = "L168-L171",
      doi            = "10.1088/0004-637X/705/2/L168",
      eprint         = "0906.5351",
      archivePrefix  = "arXiv",
      primaryClass   = "astro-ph.CO",
      SLACcitation   = "%%CITATION = ARXIV:0906.5351;%%"
}

@article{Psaltis_ED,
      author         = "Psaltis, Dimitrios",
      title          = "{Constraints on Braneworld Gravity Models from a
                        Kinematic Limit on the Age of the Black Hole XTE
                        J1118+480}",
      journal        = "Phys. Rev. Lett.",
      volume         = "98",
      year           = "2007",
      pages          = "181101",
      doi            = "10.1103/PhysRevLett.98.181101",
      eprint         = "astro-ph/0612611",
      archivePrefix  = "arXiv",
      primaryClass   = "astro-ph",
      SLACcitation   = "%%CITATION = ASTRO-PH/0612611;%%"
}
@article{Johannsen_ED2,
      author         = "Johannsen, Tim",
      title          = "{Constraints on the Size of Extra Dimensions from the
                        Orbital Evolution of the Black-Hole X-Ray Binary XTE
                        J1118+480}",
      journal        = "Astron. Astrophys.",
      volume         = "507",
      year           = "2009",
      pages          = "617",
      doi            = "10.1051/0004-6361/200912803",
      eprint         = "0812.0809",
      archivePrefix  = "arXiv",
      primaryClass   = "astro-ph",
      SLACcitation   = "%%CITATION = ARXIV:0812.0809;%%"
}

@article{Johannsen_ED,
      author         = "Johannsen, Tim and Psaltis, Dimitrios and McClintock,
                        Jeffrey E.",
      title          = "{Constraints on the Size of Extra Dimensions from the
                        Orbital Evolution of Black-Hole X-Ray Binaries}",
      journal        = "Astrophys. J.",
      volume         = "691",
      year           = "2009",
      pages          = "997-1004",
      doi            = "10.1088/0004-637X/691/2/997",
      eprint         = "0803.1835",
      archivePrefix  = "arXiv",
      primaryClass   = "astro-ph",
      SLACcitation   = "%%CITATION = ARXIV:0803.1835;%%"
}

@article{Randall:Braneworld,
      author         = "Randall, Lisa and Sundrum, Raman",
      title          = "{An Alternative to compactification}",
      journal        = "Phys. Rev. Lett.",
      volume         = "83",
      year           = "1999",
      pages          = "4690-4693",
      doi            = "10.1103/PhysRevLett.83.4690",
      eprint         = "hep-th/9906064",
      archivePrefix  = "arXiv",
      primaryClass   = "hep-th",
      reportNumber   = "MIT-CTP-2874, PUPT-1867, BUHEP-99-13",
      SLACcitation   = "%%CITATION = HEP-TH/9906064;%%"
}

@article{Yunes_GdotMap,
      author         = "Yunes, Nicolas and Pretorius, Frans and Spergel, David",
      title          = "{Constraining the evolutionary history of Newton's
                        constant with gravitational wave observations}",
      journal        = "Phys. Rev.",
      volume         = "D81",
      year           = "2010",
      pages          = "064018",
      doi            = "10.1103/PhysRevD.81.064018",
      eprint         = "0912.2724",
      archivePrefix  = "arXiv",
      primaryClass   = "gr-qc",
      SLACcitation   = "%%CITATION = ARXIV:0912.2724;%%"
}

@article{Bambi_Gdot,
      author         = "Bambi, Cosimo and Giannotti, Maurizio and Villante, F.
                        L.",
      title          = "{The Response of primordial abundances to a general
                        modification of G(N) and/or of the early Universe
                        expansion rate}",
      journal        = "Phys. Rev.",
      volume         = "D71",
      year           = "2005",
      pages          = "123524",
      doi            = "10.1103/PhysRevD.71.123524",
      eprint         = "astro-ph/0503502",
      archivePrefix  = "arXiv",
      primaryClass   = "astro-ph",
      SLACcitation   = "%%CITATION = ASTRO-PH/0503502;%%"
}

@article{Copi_Gdot,
      author         = "Copi, Craig J. and Davis, Adam N. and Krauss, Lawrence
                        M.",
      title          = "{A New nucleosynthesis constraint on the variation of G}",
      journal        = "Phys. Rev. Lett.",
      volume         = "92",
      year           = "2004",
      pages          = "171301",
      doi            = "10.1103/PhysRevLett.92.171301",
      eprint         = "astro-ph/0311334",
      archivePrefix  = "arXiv",
      primaryClass   = "astro-ph",
      reportNumber   = "CWRU-P35-03",
      SLACcitation   = "%%CITATION = ASTRO-PH/0311334;%%"
}

@article{Manchester_Gdot,
      author         = "Manchester, R. N.",
      title          = "{Pulsars and Gravity}",
      journal        = "Int. J. Mod. Phys.",
      volume         = "D24",
      year           = "2015",
      number         = "06",
      pages          = "1530018",
      doi            = "10.1142/S0218271815300189",
      eprint         = "1502.05474",
      archivePrefix  = "arXiv",
      primaryClass   = "gr-qc",
      SLACcitation   = "%%CITATION = ARXIV:1502.05474;%%"
}

@article{Konopliv_Gdot,
author = {S. Konopliv, Alex and Asmar, Sami and M. Folkner, William and Karatekin, �zg�r and Nunes, Daniel and Smrekar, Suzanne and F. Yoder, Charles and T. Zuber, Maria},
year = {2011},
month = {01},
pages = {401-428},
title = {Mars High Resolution Gravity Fields from MRO, Mars Seasonal Gravity, and Other Dynamical Parameters},
volume = {211},
journal = {Icarus},
doi = {10.1016/j.icarus.2010.10.004}
}

@article{Hansen_EAmap,
      author         = "Hansen, Devin and Yunes, Nicol�s and Yagi, Kent",
      title          = "{Projected Constraints on Lorentz-Violating Gravity with
                        Gravitational Waves}",
      journal        = "Phys. Rev.",
      volume         = "D91",
      year           = "2015",
      number         = "8",
      pages          = "082003",
      doi            = "10.1103/PhysRevD.91.082003",
      eprint         = "1412.4132",
      archivePrefix  = "arXiv",
      primaryClass   = "gr-qc",
      SLACcitation   = "%%CITATION = ARXIV:1412.4132;%%"
}

@article{JacobsonEAsolarsystem,
      author         = "Jacobson, Ted",
      title          = "{Einstein-aether gravity: A Status report}",
      booktitle      = "{Proceedings, Workshop on From quantum to emergent
                        gravity: Theory and phenomenology (QG-Ph): Trieste, Italy,
                        June 11-15, 2007}",
      journal        = "PoS",
      volume         = "QG-PH",
      year           = "2007",
      pages          = "020",
      doi            = "10.22323/1.043.0020",
      eprint         = "0801.1547",
      archivePrefix  = "arXiv",
      primaryClass   = "gr-qc",
      SLACcitation   = "%%CITATION = ARXIV:0801.1547;%%"
}

@article{Oost_EAbns,
      author         = "Oost, Jacob and Mukohyama, Shinji and Wang, Anzhong",
      title          = "{Constraints on Einstein-aether theory after GW170817}",
      journal        = "Phys. Rev.",
      volume         = "D97",
      year           = "2018",
      number         = "12",
      pages          = "124023",
      doi            = "10.1103/PhysRevD.97.124023",
      eprint         = "1802.04303",
      archivePrefix  = "arXiv",
      primaryClass   = "gr-qc",
      reportNumber   = "YITP-18-10, IPMU18-0030",
      SLACcitation   = "%%CITATION = ARXIV:1802.04303;%%"
}

@article{Jacobson_STcosmo,
      author         = "Jacobson, Ted",
      title          = "{Primordial black hole evolution in tensor scalar
                        cosmology}",
      journal        = "Phys. Rev. Lett.",
      volume         = "83",
      year           = "1999",
      pages          = "2699-2702",
      doi            = "10.1103/PhysRevLett.83.2699",
      eprint         = "astro-ph/9905303",
      archivePrefix  = "arXiv",
      primaryClass   = "astro-ph",
      reportNumber   = "NSF-ITP-99-35",
      SLACcitation   = "%%CITATION = ASTRO-PH/9905303;%%"
}

@article{Horbatsch_STcosmo,
      author         = "Horbatsch, M. W. and Burgess, C. P.",
      title          = "{Cosmic Black-Hole Hair Growth and Quasar OJ287}",
      journal        = "JCAP",
      volume         = "1205",
      year           = "2012",
      pages          = "010",
      doi            = "10.1088/1475-7516/2012/05/010",
      eprint         = "1111.4009",
      archivePrefix  = "arXiv",
      primaryClass   = "gr-qc",
      SLACcitation   = "%%CITATION = ARXIV:1111.4009;%%"
}

@article{Berti_STcosmo,
      author         = "Berti, Emanuele and Cardoso, Vitor and Gualtieri,
                        Leonardo and Horbatsch, Michael and Sperhake, Ulrich",
      title          = "{Numerical simulations of single and binary black holes
                        in scalar-tensor theories: circumventing the no-hair
                        theorem}",
      journal        = "Phys. Rev.",
      volume         = "D87",
      year           = "2013",
      number         = "12",
      pages          = "124020",
      doi            = "10.1103/PhysRevD.87.124020",
      eprint         = "1304.2836",
      archivePrefix  = "arXiv",
      primaryClass   = "gr-qc",
      SLACcitation   = "%%CITATION = ARXIV:1304.2836;%%"
}

@article{Nair_dCSMap,
      author         = "Nair, Remya and Perkins, Scott and Silva, Hector O. and
                        Yunes, Nicol�s",
      title          = "{Fundamental physics implications on higher-curvature
                        theories from the binary black hole signals in the
                        LIGO-Virgo Catalog GWTC-1}",
      year           = "2019",
      eprint         = "1905.00870",
      archivePrefix  = "arXiv",
      primaryClass   = "gr-qc",
      SLACcitation   = "%%CITATION = ARXIV:1905.00870;%%"
}

@article{Yagi_dCS,
      author         = "Yagi, Kent and Yunes, Nicolas and Tanaka, Takahiro",
      title          = "{Slowly Rotating Black Holes in Dynamical Chern-Simons
                        Gravity: Deformation Quadratic in the Spin}",
      journal        = "Phys. Rev.",
      volume         = "D86",
      year           = "2012",
      pages          = "044037",
      doi            = "10.1103/PhysRevD.89.049902, 10.1103/PhysRevD.86.044037",
      note           = "[Erratum: Phys. Rev.D89,049902(2014)]",
      eprint         = "1206.6130",
      archivePrefix  = "arXiv",
      primaryClass   = "gr-qc",
      SLACcitation   = "%%CITATION = ARXIV:1206.6130;%%"
}

@article{AliHaimoud_dCS,
      author         = "Ali-Haimoud, Yacine and Chen, Yanbei",
      title          = "{Slowly-rotating stars and black holes in dynamical
                        Chern-Simons gravity}",
      journal        = "Phys. Rev.",
      volume         = "D84",
      year           = "2011",
      pages          = "124033",
      doi            = "10.1103/PhysRevD.84.124033",
      eprint         = "1110.5329",
      archivePrefix  = "arXiv",
      primaryClass   = "astro-ph.HE",
      SLACcitation   = "%%CITATION = ARXIV:1110.5329;%%"
}

@article{Yagi_EdGBmap,
      author         = "Yagi, Kent and Stein, Leo C. and Yunes, Nicol�s and
                        Tanaka, Takahiro",
      title          = "{Post-Newtonian, Quasi-Circular Binary Inspirals in
                        Quadratic Modified Gravity}",
      journal        = "Phys. Rev.",
      volume         = "D85",
      year           = "2012",
      pages          = "064022",
      doi            = "10.1103/PhysRevD.93.029902, 10.1103/PhysRevD.85.064022",
      note           = "[Erratum: Phys. Rev.D93,no.2,029902(2016)]",
      eprint         = "1110.5950",
      archivePrefix  = "arXiv",
      primaryClass   = "gr-qc",
      SLACcitation   = "%%CITATION = ARXIV:1110.5950;%%"
}

@article{Kanti_EdGB,
      author         = "Kanti, P. and Mavromatos, N. E. and Rizos, J. and
                        Tamvakis, K. and Winstanley, E.",
      title          = "{Dilatonic black holes in higher curvature string
                        gravity}",
      journal        = "Phys. Rev.",
      volume         = "D54",
      year           = "1996",
      pages          = "5049-5058",
      doi            = "10.1103/PhysRevD.54.5049",
      eprint         = "hep-th/9511071",
      archivePrefix  = "arXiv",
      primaryClass   = "hep-th",
      reportNumber   = "CERN-TH-95-297, OUTP-95-43-P",
      SLACcitation   = "%%CITATION = HEP-TH/9511071;%%"
}

@article{Amendola_EdGB,
      author         = "Amendola, Luca and Charmousis, Christos and Davis,
                        StephenC.",
      title          = "{Solar System Constraints on Gauss-Bonnet Mediated Dark
                        Energy}",
      journal        = "JCAP",
      volume         = "0710",
      year           = "2007",
      pages          = "004",
      doi            = "10.1088/1475-7516/2007/10/004",
      eprint         = "0704.0175",
      archivePrefix  = "arXiv",
      primaryClass   = "astro-ph",
      SLACcitation   = "%%CITATION = ARXIV:0704.0175;%%"
}

@article{Pani_EdGB,
      author         = "Pani, Paolo and Cardoso, Vitor",
      title          = "{Are black holes in alternative theories serious
                        astrophysical candidates? The Case for
                        Einstein-Dilaton-Gauss-Bonnet black holes}",
      journal        = "Phys. Rev.",
      volume         = "D79",
      year           = "2009",
      pages          = "084031",
      doi            = "10.1103/PhysRevD.79.084031",
      eprint         = "0902.1569",
      archivePrefix  = "arXiv",
      primaryClass   = "gr-qc",
      SLACcitation   = "%%CITATION = ARXIV:0902.1569;%%"
}

@article{Yagi_EdGB,
      author         = "Yagi, Kent",
      title          = "{A New constraint on scalar Gauss-Bonnet gravity and a
                        possible explanation for the excess of the orbital decay
                        rate in a low-mass X-ray binary}",
      journal        = "Phys. Rev.",
      volume         = "D86",
      year           = "2012",
      pages          = "081504",
      doi            = "10.1103/PhysRevD.86.081504",
      eprint         = "1204.4524",
      archivePrefix  = "arXiv",
      primaryClass   = "gr-qc",
      SLACcitation   = "%%CITATION = ARXIV:1204.4524;%%"
}

@article{Berti_ModifiedReviewLarge,
      author         = "Berti, Emanuele and others",
      title          = "{Testing General Relativity with Present and Future
                        Astrophysical Observations}",
      journal        = "Class. Quant. Grav.",
      volume         = "32",
      year           = "2015",
      pages          = "243001",
      doi            = "10.1088/0264-9381/32/24/243001",
      eprint         = "1501.07274",
      archivePrefix  = "arXiv",
      primaryClass   = "gr-qc",
      SLACcitation   = "%%CITATION = ARXIV:1501.07274;%%"
}

@article{Berti_ModifiedReviewSmall,
      author         = "Berti, Emanuele and Yagi, Kent and Yunes, Nicol�s",
      title          = "{Extreme Gravity Tests with Gravitational Waves from
                        Compact Binary Coalescences: (I) Inspiral-Merger}",
      journal        = "Gen. Rel. Grav.",
      volume         = "50",
      year           = "2018",
      number         = "4",
      pages          = "46",
      doi            = "10.1007/s10714-018-2362-8",
      eprint         = "1801.03208",
      archivePrefix  = "arXiv",
      primaryClass   = "gr-qc",
      SLACcitation   = "%%CITATION = ARXIV:1801.03208;%%"
}


@article{Will_SEP,
      author         = "Will, Clifford M.",
      title          = "{The Confrontation between General Relativity and
                        Experiment}",
      journal        = "Living Rev. Rel.",
      volume         = "17",
      year           = "2014",
      pages          = "4",
      doi            = "10.12942/lrr-2014-4",
      eprint         = "1403.7377",
      archivePrefix  = "arXiv",
      primaryClass   = "gr-qc",
      SLACcitation   = "%%CITATION = ARXIV:1403.7377;%%"
}

@article{Yunes:2013dva,
      author         = "Yunes, Nicol�s and Siemens, Xavier",
      title          = "{Gravitational-Wave Tests of General Relativity with
                        Ground-Based Detectors and Pulsar Timing-Arrays}",
      journal        = "Living Rev. Rel.",
      volume         = "16",
      year           = "2013",
      pages          = "9",
      doi            = "10.12942/lrr-2013-9",
      eprint         = "1304.3473",
      archivePrefix  = "arXiv",
      primaryClass   = "gr-qc",
      SLACcitation   = "%%CITATION = ARXIV:1304.3473;%%"
}

@article{GW_Catalogue,
      author         = "Abbott, B. P. and others",
      title          = "{GWTC-1: A Gravitational-Wave Transient Catalog of
                        Compact Binary Mergers Observed by LIGO and Virgo during
                        the First and Second Observing Runs}",
      collaboration  = "LIGO Scientific, Virgo",
      year           = "2018",
      eprint         = "1811.12907",
      archivePrefix  = "arXiv",
      primaryClass   = "astro-ph.HE",
      reportNumber   = "LIGO-P1800307",
      SLACcitation   = "%%CITATION = ARXIV:1811.12907;%%"
}


@Article{Will_SolarSystemTest,
author="Will, Clifford M.",
title="The Confrontation between General Relativity and Experiment",
journal="Living Reviews in Relativity",
year="2014",
month="Jun",
day="11",
volume="17",
number="1",
pages="4",
issn="1433-8351",
doi="10.12942/lrr-2014-4",
url="https://doi.org/10.12942/lrr-2014-4"
}

@article{Stairs_BinaryPulsarTest,
      author         = "Stairs, Ingrid H.",
      title          = "{Testing general relativity with pulsar timing}",
      journal        = "Living Rev. Rel.",
      volume         = "6",
      year           = "2003",
      pages          = "5",
      doi            = "10.12942/lrr-2003-5",
      eprint         = "astro-ph/0307536",
      archivePrefix  = "arXiv",
      primaryClass   = "astro-ph",
      SLACcitation   = "%%CITATION = ASTRO-PH/0307536;%%"
}

@article{Wex_BinaryPulsarTest,
      author         = "Wex, Norbert",
      title          = "{Testing Relativistic Gravity with Radio Pulsars}",
      year           = "2014",
      eprint         = "1402.5594",
      archivePrefix  = "arXiv",
      primaryClass   = "gr-qc",
      SLACcitation   = "%%CITATION = ARXIV:1402.5594;%%"
}

@article{Ferreira_CosmologyTest,
      author         = "Ferreira, Pedro G.",
      title          = "{Cosmological Tests of Gravity}",
      year           = "2019",
      eprint         = "1902.10503",
      archivePrefix  = "arXiv",
      primaryClass   = "astro-ph.CO",
      SLACcitation   = "%%CITATION = ARXIV:1902.10503;%%"
}

@article{Clifton_CosmologyTest,
      author         = "Clifton, Timothy and Ferreira, Pedro G. and Padilla,
                        Antonio and Skordis, Constantinos",
      title          = "{Modified Gravity and Cosmology}",
      journal        = "Phys. Rept.",
      volume         = "513",
      year           = "2012",
      pages          = "1-189",
      doi            = "10.1016/j.physrep.2012.01.001",
      eprint         = "1106.2476",
      archivePrefix  = "arXiv",
      primaryClass   = "astro-ph.CO",
      SLACcitation   = "%%CITATION = ARXIV:1106.2476;%%"
}

@article{Joyce_CosmologyTest,
      author         = "Joyce, Austin and Jain, Bhuvnesh and Khoury, Justin and
                        Trodden, Mark",
      title          = "{Beyond the Cosmological Standard Model}",
      journal        = "Phys. Rept.",
      volume         = "568",
      year           = "2015",
      pages          = "1-98",
      doi            = "10.1016/j.physrep.2014.12.002",
      eprint         = "1407.0059",
      archivePrefix  = "arXiv",
      primaryClass   = "astro-ph.CO",
      SLACcitation   = "%%CITATION = ARXIV:1407.0059;%%"
}

@article{Koyama_CosmologyTest,
      author         = "Koyama, Kazuya",
      title          = "{Cosmological Tests of Modified Gravity}",
      journal        = "Rept. Prog. Phys.",
      volume         = "79",
      year           = "2016",
      number         = "4",
      pages          = "046902",
      doi            = "10.1088/0034-4885/79/4/046902",
      eprint         = "1504.04623",
      archivePrefix  = "arXiv",
      primaryClass   = "astro-ph.CO",
      SLACcitation   = "%%CITATION = ARXIV:1504.04623;%%"
}

@article{Salvatelli_CosmologyTest,
      author         = "Salvatelli, Valentina and Piazza, Federico and Marinoni,
                        Christian",
      title          = "{Constraints on modified gravity from Planck 2015: when
                        the health of your theory makes the difference}",
      journal        = "JCAP",
      volume         = "1609",
      year           = "2016",
      number         = "09",
      pages          = "027",
      doi            = "10.1088/1475-7516/2016/09/027",
      eprint         = "1602.08283",
      archivePrefix  = "arXiv",
      primaryClass   = "astro-ph.CO",
      SLACcitation   = "%%CITATION = ARXIV:1602.08283;%%"
}

@article{Wong:LISAreducedSNR,
  title = {Expanding the LISA Horizon from the Ground},
  author = {Wong, Kaze W. K. and Kovetz, Ely D. and Cutler, Curt and Berti, Emanuele},
  journal = {Phys. Rev. Lett.},
  volume = {121},
  issue = {25},
  pages = {251102},
  numpages = {6},
  year = {2018},
  month = {Dec},
  publisher = {American Physical Society},
  doi = {10.1103/PhysRevLett.121.251102},
  url = {https://link.aps.org/doi/10.1103/PhysRevLett.121.251102}
}


@article{GW150914,
      author         = "Abbott, B. P. and others",
      title          = "{Properties of the Binary Black Hole Merger GW150914}",
      collaboration  = "LIGO Scientific, Virgo",
      journal        = "Phys. Rev. Lett.",
      volume         = "116",
      year           = "2016",
      number         = "24",
      pages          = "241102",
      doi            = "10.1103/PhysRevLett.116.241102",
      eprint         = "1602.03840",
      archivePrefix  = "arXiv",
      primaryClass   = "gr-qc",
      reportNumber   = "LIGO-P1500218",
      SLACcitation   = "%%CITATION = ARXIV:1602.03840;%%"
}

@article{TianQin,
      author         = "Shi, Changfu and Bao, Jiahui and Wang, Haitian and Zhang,
                        Jian-dong and Hu, Yiming and Sesana, Alberto and Barausse,
                        Enrico and Mei, Jianwei and Luo, Jun",
      title          = "{Science with TianQin: Preliminary Results on Testing the
                        No-hair Theorem with Ringdown Signals}",
      year           = "2019",
      eprint         = "1902.08922",
      archivePrefix  = "arXiv",
      primaryClass   = "gr-qc",
      SLACcitation   = "%%CITATION = ARXIV:1902.08922;%%"
}

@article{DECIGO,
      author         = "Yagi, Kent and Seto, Naoki",
      title          = "{Detector configuration of DECIGO/BBO and identification
                        of cosmological neutron-star binaries}",
      journal        = "Phys. Rev.",
      volume         = "D83",
      year           = "2011",
      pages          = "044011",
      doi            = "10.1103/PhysRevD.95.109901, 10.1103/PhysRevD.83.044011",
      note           = "[Erratum: Phys. Rev.D95,no.10,109901(2017)]",
      eprint         = "1101.3940",
      archivePrefix  = "arXiv",
      primaryClass   = "astro-ph.CO",
      SLACcitation   = "%%CITATION = ARXIV:1101.3940;%%"
}

@article{LISA,
      author         = "Robson, Travis and Cornish, Neil and Liu, Chang",
      title          = "{The construction and use of LISA sensitivity curves}",
      journal        = "Class. Quant. Grav.",
      volume         = "36",
      year           = "2019",
      number         = "10",
      pages          = "105011",
      doi            = "10.1088/1361-6382/ab1101",
      eprint         = "1803.01944",
      archivePrefix  = "arXiv",
      primaryClass   = "astro-ph.HE",
      SLACcitation   = "%%CITATION = ARXIV:1803.01944;%%"
}

@article{B-DECIGO,
      author         = "Isoyama, Soichiro and Nakano, Hiroyuki and Nakamura,
                        Takashi",
      title          = "{Multiband Gravitational-Wave Astronomy: Observing binary
                        inspirals with a decihertz detector, B-DECIGO}",
      journal        = "PTEP",
      volume         = "2018",
      year           = "2018",
      number         = "7",
      pages          = "073E01",
      doi            = "10.1093/ptep/pty078",
      eprint         = "1802.06977",
      archivePrefix  = "arXiv",
      primaryClass   = "gr-qc",
      SLACcitation   = "%%CITATION = ARXIV:1802.06977;%%"
}

@article{Vallisneri:FisherSNR,
  title = {Beyond the Fisher-Matrix Formalism: Exact Sampling Distributions of the Maximum-Likelihood Estimator in Gravitational-Wave Parameter Estimation},
  author = {Vallisneri, Michele},
  journal = {Phys. Rev. Lett.},
  volume = {107},
  issue = {19},
  pages = {191104},
  numpages = {5},
  year = {2011},
  month = {Nov},
  publisher = {American Physical Society},
  doi = {10.1103/PhysRevLett.107.191104},
  url = {https://link.aps.org/doi/10.1103/PhysRevLett.107.191104}
}

@article{Vallisneri:FisherSNR2,
  title = {Use and abuse of the Fisher information matrix in the assessment of gravitational-wave parameter-estimation prospects},
  author = {Vallisneri, Michele},
  journal = {Phys. Rev. D},
  volume = {77},
  issue = {4},
  pages = {042001},
  numpages = {20},
  year = {2008},
  month = {Feb},
  publisher = {American Physical Society},
  doi = {10.1103/PhysRevD.77.042001},
  url = {https://link.aps.org/doi/10.1103/PhysRevD.77.042001}
}


@article{Yunes:2009ke,
      author         = "Yunes, Nicolas and Pretorius, Frans",
      title          = "{Fundamental Theoretical Bias in Gravitational Wave
                        Astrophysics and the Parameterized Post-Einsteinian
                        Framework}",
      journal        = "Phys. Rev.",
      volume         = "D80",
      year           = "2009",
      pages          = "122003",
      doi            = "10.1103/PhysRevD.80.122003",
      eprint         = "0909.3328",
      archivePrefix  = "arXiv",
      primaryClass   = "gr-qc",
      SLACcitation   = "%%CITATION = ARXIV:0909.3328;%%"
}

@article{Yagi:2009zm,
      author         = "Yagi, Kent and Tanaka, Takahiro",
      title          = "{Constraining alternative theories of gravity by
                        gravitational waves from precessing eccentric compact
                        binaries with LISA}",
      journal        = "Phys. Rev.",
      volume         = "D81",
      year           = "2010",
      pages          = "064008",
      doi            = "10.1103/PhysRevD.81.109902, 10.1103/PhysRevD.81.064008",
      note           = "[Erratum: Phys. Rev.D81,109902(2010)]",
      eprint         = "0906.4269",
      archivePrefix  = "arXiv",
      primaryClass   = "gr-qc",
      SLACcitation   = "%%CITATION = ARXIV:0906.4269;%%"
}

@article{PhysRevD.98.084010,
  title = {Relativistic tidal properties of superfluid neutron stars},
  author = {Char, Prasanta and Datta, Sayak},
  journal = {Phys. Rev. D},
  volume = {98},
  issue = {8},
  pages = {084010},
  numpages = {9},
  year = {2018},
  month = {Oct},
  publisher = {American Physical Society},
  doi = {10.1103/PhysRevD.98.084010},
  url = {https://link.aps.org/doi/10.1103/PhysRevD.98.084010}
}

@Article{Bandyopadhyay2018,
author="Bandyopadhyay, Debades
and Bhat, Sajad A.
and Char, Prasanta
and Chatterjee, Debarati",
title="Moment of inertia, quadrupole moment, Love number of neutron star and their relations with strange-matter equations of state",
journal="The European Physical Journal A",
year="2018",
month="Feb",
day="20",
volume="54",
number="2",
pages="26",
abstract="We investigate the impact of strange-matter equations of state involving {\$}{\backslash}Lambda{\$}$\Lambda$hyperons, Bose-Einstein condensate of {\$} K^{\{}-{\}}{\$}K-mesons and first-order hadron-quark phase transition on moment of inertia, quadrupole moment and tidal deformability parameter of slowly rotating neutron stars. All these equations of state are compatible with the 2 {\$} M{\_}{\{}solar{\}}{\$}Msolarconstraint. The main findings of this investigation are the universality of the I-Q and I -Love number relations, which are preserved by the EoSs including {\$}{\backslash}Lambda{\$}$\Lambda$hyperons and antikaon condensates, but broken in the presence of a first-order hadron-quark phase transition. Furthermore, it is also noted that the quadrupole moment approaches the Kerr value of a black hole for maximum-mass neutron stars.",
issn="1434-601X",
doi="10.1140/epja/i2018-12456-y",
url="https://doi.org/10.1140/epja/i2018-12456-y"
}

@article{PhysRevD.95.101302,
  title = {Tidal deformations of compact stars with crystalline quark matter},
  author = {Lau, S. Y. and Leung, P. T. and Lin, L.-M.},
  journal = {Phys. Rev. D},
  volume = {95},
  issue = {10},
  pages = {101302},
  numpages = {6},
  year = {2017},
  month = {May},
  publisher = {American Physical Society},
  doi = {10.1103/PhysRevD.95.101302},
  url = {https://link.aps.org/doi/10.1103/PhysRevD.95.101302}
}


@article{Han:2018mtj,
      author         = "Han, Sophia and Steiner, Andrew W.",
      title          = "{Tidal deformability with sharp phase transitions in
                        (binary) neutron stars}",
      year           = "2018",
      eprint         = "1810.10967",
      archivePrefix  = "arXiv",
      primaryClass   = "nucl-th",
      SLACcitation   = "%%CITATION = ARXIV:1810.10967;%%"
}

@article{Miller:2016pom,
      author         = "Miller, M. Coleman and Lamb, Frederick K.",
      title          = "{Observational Constraints on Neutron Star Masses and
                        Radii}",
      journal        = "Eur. Phys. J.",
      volume         = "A52",
      year           = "2016",
      number         = "3",
      pages          = "63",
      doi            = "10.1140/epja/i2016-16063-8",
      eprint         = "1604.03894",
      archivePrefix  = "arXiv",
      primaryClass   = "astro-ph.HE",
      SLACcitation   = "%%CITATION = ARXIV:1604.03894;%%"
}

@article{Pani:2014jra,
      author         = "Pani, Paolo and Berti, Emanuele",
      title          = "{Slowly rotating neutron stars in scalar-tensor
                        theories}",
      journal        = "Phys. Rev.",
      volume         = "D90",
      year           = "2014",
      number         = "2",
      pages          = "024025",
      doi            = "10.1103/PhysRevD.90.024025",
      eprint         = "1405.4547",
      archivePrefix  = "arXiv",
      primaryClass   = "gr-qc",
      SLACcitation   = "%%CITATION = ARXIV:1405.4547;%%"
}

@article{Minamitsuji:2016hkk,
      author         = "Minamitsuji, Masato and Silva, Hector O.",
      title          = "{Relativistic stars in scalar-tensor theories with
                        disformal coupling}",
      journal        = "Phys. Rev.",
      volume         = "D93",
      year           = "2016",
      number         = "12",
      pages          = "124041",
      doi            = "10.1103/PhysRevD.93.124041",
      eprint         = "1604.07742",
      archivePrefix  = "arXiv",
      primaryClass   = "gr-qc",
      SLACcitation   = "%%CITATION = ARXIV:1604.07742;%%"
}

@article{Maselli:2016gxk,
      author         = "Maselli, Andrea and Silva, Hector O. and Minamitsuji,
                        Masato and Berti, Emanuele",
      title          = "{Neutron stars in Horndeski gravity}",
      journal        = "Phys. Rev.",
      volume         = "D93",
      year           = "2016",
      number         = "12",
      pages          = "124056",
      doi            = "10.1103/PhysRevD.93.124056",
      eprint         = "1603.04876",
      archivePrefix  = "arXiv",
      primaryClass   = "gr-qc",
      SLACcitation   = "%%CITATION = ARXIV:1603.04876;%%"
}

@article{Raithel:2018ncd,
      author         = "Raithel, Carolyn and �zel, Feryal and Psaltis,
                        Dimitrios",
      title          = "{Tidal deformability from GW170817 as a direct probe of
                        the neutron star radius}",
      journal        = "Astrophys. J.",
      volume         = "857",
      year           = "2018",
      number         = "2",
      pages          = "L23",
      doi            = "10.3847/2041-8213/aabcbf",
      eprint         = "1803.07687",
      archivePrefix  = "arXiv",
      primaryClass   = "astro-ph.HE",
      SLACcitation   = "%%CITATION = ARXIV:1803.07687;%%"
}

@article{Annala:2017llu,
      author         = "Annala, Eemeli and Gorda, Tyler and Kurkela, Aleksi and
                        Vuorinen, Aleksi",
      title          = "{Gravitational-wave constraints on the
                        neutron-star-matter Equation of State}",
      journal        = "Phys. Rev. Lett.",
      volume         = "120",
      year           = "2018",
      number         = "17",
      pages          = "172703",
      doi            = "10.1103/PhysRevLett.120.172703",
      eprint         = "1711.02644",
      archivePrefix  = "arXiv",
      primaryClass   = "astro-ph.HE",
      reportNumber   = "CERN-TH-2017-236",
      SLACcitation   = "%%CITATION = ARXIV:1711.02644;%%"
}

@article{2.01NS,
      author         = "Antoniadis, John and Freire, Paulo C.C. and Wex, Norbert
                        and Tauris, Thomas M. and Lynch, Ryan S. and others",
      title          = "{A Massive Pulsar in a Compact Relativistic Binary}",
      journal        = "Science",
      volume         = "340",
      pages          = "1233232",
      doi            = "10.1126/science.1233232",
      year           = "2013",
      eprint         = "1304.6875",
      archivePrefix  = "arXiv",
      primaryClass   = "astro-ph.HE",
      SLACcitation   = "%%CITATION = ARXIV:1304.6875;%%",
}

@ARTICLE{1.97NS,
   author = {{Demorest}, P.~B. and {Pennucci}, T. and {Ransom}, S.~M. and 
	{Roberts}, M.~S.~E. and {Hessels}, J.~W.~T.},
    title = "{A two-solar-mass neutron star measured using Shapiro delay}",
  journal = {Nature},
archivePrefix = "arXiv",
   eprint = {1010.5788},
 primaryClass = "astro-ph.HE",
     year = 2010,
    month = oct,
   volume = 467,
    pages = {1081-1083},
      doi = {10.1038/nature09466},
   adsurl = {http://ads.nao.ac.jp/abs/2010Natur.467.1081D},
  adsnote = {Provided by the SAO/NASA Astrophysics Data System}
}


@article{Kumar:2019xgp,
      author         = "Kumar, Bharat and Landry, Philippe",
      title          = "{Inferring Neutron Star Properties from GW170817 with
                        Universal Relations}",
      year           = "2019",
      eprint         = "1902.04557",
      archivePrefix  = "arXiv",
      primaryClass   = "gr-qc",
      SLACcitation   = "%%CITATION = ARXIV:1902.04557;%%"
}

@article{Blanchet:2013haa,
      author         = "Blanchet, Luc",
      title          = "{Gravitational Radiation from Post-Newtonian Sources and
                        Inspiralling Compact Binaries}",
      journal        = "Living Rev. Rel.",
      volume         = "17",
      year           = "2014",
      pages          = "2",
      doi            = "10.12942/lrr-2014-2",
      eprint         = "1310.1528",
      archivePrefix  = "arXiv",
      primaryClass   = "gr-qc",
      SLACcitation   = "%%CITATION = ARXIV:1310.1528;%%"
}

@misc{GWOSC,
	Author = {{Gravitational Wave Open Science Center (GWOSC)}},
	Howpublished = {\url{https://www.gw-openscience.org/}}}

@article{Veitch:2014wba,
	Archiveprefix = {arXiv},
	Author = {Veitch, J. and others},
	Doi = {10.1103/PhysRevD.91.042003},
	Eprint = {1409.7215},
	Journal = {Phys. Rev. D},
	Number = {4},
	Pages = {042003},
	Primaryclass = {gr-qc},
	Reportnumber = {LIGO-P1400152},
	Slaccitation = {%%CITATION = ARXIV:1409.7215;%%},
	Title = {{Parameter estimation for compact binaries with ground-based gravitational-wave observations using the LALInference software library}},
	Volume = {91},
	Year = {2015},
	Bdsk-Url-1 = {http://dx.doi.org/10.1103/PhysRevD.91.042003}}
	
@misc{lalinference_o2,
	Author = {{LIGO Scientific Collaboration and Virgo Collaboration}},
	Commit = {dbff6f2ce5bb231733b2384df267a0a88840b2ca},
	Journal = {GitLab repository},
	Publisher = {GitLab},
	Title = {{LALSuite}, https://git.ligo.org/lscsoft/lalsuite/tree/lalinference\_o2},
	Url = {https://git.ligo.org/lscsoft/lalsuite/tree/lalinference_o2},
	Year = {2017},
	Bdsk-Url-1 = {https://git.ligo.org/lscsoft/lalsuite/tree/lalinference_o2}}
		
@article{Vallisneri:2014vxa,
      author         = "Vallisneri, Michele and Kanner, Jonah and Williams, Roy
                        and Weinstein, Alan and Stephens, Branson",
      title          = "{The LIGO Open Science Center}",
      booktitle      = "{Proceedings, 10th International LISA Symposium:
                        Gainesville, Florida, USA, May 18-23, 2014}",
      journal        = "J. Phys. Conf. Ser.",
      volume         = "610",
      year           = "2015",
      number         = "1",
      pages          = "012021",
      doi            = "10.1088/1742-6596/610/1/012021",
      eprint         = "1410.4839",
      archivePrefix  = "arXiv",
      primaryClass   = "gr-qc",
      SLACcitation   = "%%CITATION = ARXIV:1410.4839;%%"
}

@article{Gamba:2019kwu,
      author         = "Gamba, Rossella and Read, Jocelyn S. and Wade, Leslie E.",
      title          = "{The impact of the crust equation of state on the
                        analysis of GW170817}",
      year           = "2019",
      eprint         = "1902.04616",
      archivePrefix  = "arXiv",
      primaryClass   = "gr-qc",
      SLACcitation   = "%%CITATION = ARXIV:1902.04616;%%"
}

@article{Abrahamyan:2012gp,
      author         = "Abrahamyan, S. and others",
      title          = "{Measurement of the Neutron Radius of 208Pb Through
                        Parity-Violation in Electron Scattering}",
      journal        = "Phys. Rev. Lett.",
      volume         = "108",
      year           = "2012",
      pages          = "112502",
      doi            = "10.1103/PhysRevLett.108.112502",
      eprint         = "1201.2568",
      archivePrefix  = "arXiv",
      primaryClass   = "nucl-ex",
      reportNumber   = "JLAB-PHY-12-1480",
      SLACcitation   = "%%CITATION = ARXIV:1201.2568;%%"
}

@article{Horowitz:2012tj,
      author         = "Horowitz, C. J. and others",
      title          = "{Weak charge form factor and radius of 208Pb through
                        parity violation in electron scattering}",
      journal        = "Phys. Rev.",
      volume         = "C85",
      year           = "2012",
      pages          = "032501",
      doi            = "10.1103/PhysRevC.85.032501",
      eprint         = "1202.1468",
      archivePrefix  = "arXiv",
      primaryClass   = "nucl-ex",
      reportNumber   = "JLAB-PHY-12-1409",
      SLACcitation   = "%%CITATION = ARXIV:1202.1468;%%"
}

@article{Horowitz:2013wha,
      author         = "Horowitz, C. J. and Kumar, K. S. and Michaels, R.",
      title          = "{Electroweak Measurements of Neutron Densities in CREX
                        and PREX at JLab, USA}",
      journal        = "Eur. Phys. J.",
      volume         = "A50",
      year           = "2014",
      pages          = "48",
      doi            = "10.1140/epja/i2014-14048-3",
      eprint         = "1307.3572",
      archivePrefix  = "arXiv",
      primaryClass   = "nucl-ex",
      reportNumber   = "JLAB-PHY-13-1809",
      SLACcitation   = "%%CITATION = ARXIV:1307.3572;%%"
}

@article{Zhao:massiveNS,
      author         = "Zhao, Xian-Feng",
      title          = "{The properties of the massive neutron star PSR
                        J0348+0432}",
      journal        = "Int. J. Mod. Phys.",
      volume         = "D24",
      year           = "2015",
      number         = "08",
      pages          = "1550058",
      doi            = "10.1142/S0218271815500583",
      eprint         = "1712.08860",
      archivePrefix  = "arXiv",
      primaryClass   = "nucl-th",
      SLACcitation   = "%%CITATION = ARXIV:1712.08860;%%"
}

@article{Danielewicz:2002pu,
      author         = "Danielewicz, Pawel and Lacey, Roy and Lynch, William G.",
      title          = "{Determination of the equation of state of dense matter}",
      journal        = "Science",
      volume         = "298",
      year           = "2002",
      pages          = "1592-1596",
      doi            = "10.1126/science.1078070",
      eprint         = "nucl-th/0208016",
      archivePrefix  = "arXiv",
      primaryClass   = "nucl-th",
      SLACcitation   = "%%CITATION = NUCL-TH/0208016;%%"
}

@article{Baym:Review,
      author         = "Baym, Gordon and Hatsuda, Tetsuo and Kojo, Toru and
                        Powell, Philip D. and Song, Yifan and Takatsuka,
                        Tatsuyuki",
      title          = "{From hadrons to quarks in neutron stars: a review}",
      journal        = "Rept. Prog. Phys.",
      volume         = "81",
      year           = "2018",
      number         = "5",
      pages          = "056902",
      doi            = "10.1088/1361-6633/aaae14",
      eprint         = "1707.04966",
      archivePrefix  = "arXiv",
      primaryClass   = "astro-ph.HE",
      reportNumber   = "RIKEN-ITHEMS-REPORT-17, RIKEN-QHP-316,
                        RIKEN-iTHEMS-Report-17",
      SLACcitation   = "%%CITATION = ARXIV:1707.04966;%%"
}

@article{Oertel:Review,
  title = {Equations of state for supernovae and compact stars},
  author = {Oertel, M. and Hempel, M. and Kl\"ahn, T. and Typel, S.},
  journal = {Rev. Mod. Phys.},
  volume = {89},
  issue = {1},
  pages = {015007},
  numpages = {68},
  year = {2017},
  month = {Mar},
  publisher = {American Physical Society},
  doi = {10.1103/RevModPhys.89.015007},
  url = {https://link.aps.org/doi/10.1103/RevModPhys.89.015007}
}


@article{Yagi:Multipole,
      author         = "Yagi, Kent",
      title          = "{Multipole Love Relations}",
      journal        = "Phys. Rev.",
      volume         = "D89",
      year           = "2014",
      number         = "4",
      pages          = "043011",
      doi            = "10.1103/PhysRevD.97.129901, 10.1103/PhysRevD.96.129904,
                        10.1103/PhysRevD.89.043011",
      note           = "[Erratum: Phys. Rev.D97,no.12,129901(2018)]",
      eprint         = "1311.0872",
      archivePrefix  = "arXiv",
      primaryClass   = "gr-qc",
      SLACcitation   = "%%CITATION = ARXIV:1311.0872;%%"
}

@article{Lackey:Surrogate,
      author         = "Lackey, Benjamin D. and Pürrer, Michael and Taracchini,
                        Andrea and Marsat, Sylvain",
      title          = "{Surrogate model for an aligned-spin effective one body
                        waveform model of binary neutron star inspirals using
                        Gaussian process regression}",
      year           = "2018",
      eprint         = "1812.08643",
      archivePrefix  = "arXiv",
      primaryClass   = "gr-qc",
      SLACcitation   = "%%CITATION = ARXIV:1812.08643;%%"
}

@article{Lackey:EOB,
      author         = "Lackey, Benjamin D. and Bernuzzi, Sebastiano and Galley,
                        Chad R. and Meidam, Jeroen and Van Den Broeck, Chris",
      title          = "{Effective-one-body waveforms for binary neutron stars
                        using surrogate models}",
      journal        = "Phys. Rev.",
      volume         = "D95",
      year           = "2017",
      number         = "10",
      pages          = "104036",
      doi            = "10.1103/PhysRevD.95.104036",
      eprint         = "1610.04742",
      archivePrefix  = "arXiv",
      primaryClass   = "gr-qc",
      SLACcitation   = "%%CITATION = ARXIV:1610.04742;%%"
}

@BOOK{Shapiro:MRpolytrope,
  TITLE = {Black Holes, White Dwarfs and Neutron Stars},
  SUBTITLE = {The Physics of Compact Objects},
  AUTHOR = {Shapiro, Stuart and Teukolsky, Saul},
  YEAR = {1983}, 
  PUBLISHER = {Wiley-VCH},
}

@article{Samajdar:NRTidal,
      author         = "Samajdar, Anuradha and Dietrich, Tim",
      title          = "{Waveform systematics for binary neutron star
                        gravitational wave signals: effects of the point-particle
                        baseline and tidal descriptions}",
      journal        = "Phys. Rev.",
      volume         = "D98",
      year           = "2018",
      number         = "12",
      pages          = "124030",
      doi            = "10.1103/PhysRevD.98.124030",
      eprint         = "1810.03936",
      archivePrefix  = "arXiv",
      primaryClass   = "gr-qc",
      SLACcitation   = "%%CITATION = ARXIV:1810.03936;%%"
}

@article{Cutler:BNSmerger,
      author         = "Cutler, C. and Harms, J.",
      title          = "{BBO and the neutron-star-binary subtraction problem}",
      journal        = "Phys. Rev.",
      volume         = "D73",
      year           = "2006",
      pages          = "042001",
      doi            = "10.1103/PhysRevD.73.042001",
      eprint         = "gr-qc/0511092",
      archivePrefix  = "arXiv",
      primaryClass   = "gr-qc",
      SLACcitation   = "%%CITATION = GR-QC/0511092;%%"
}

@article{Takahiro,
      author         = "Yagi, Kent and Tanaka, Takahiro",
      title          = "{DECIGO/BBO as a probe to constrain alternative theories
                        of gravity}",
      journal        = "Prog. Theor. Phys.",
      volume         = "123",
      year           = "2010",
      pages          = "1069-1078",
      doi            = "10.1143/PTP.123.1069",
      eprint         = "0908.3283",
      archivePrefix  = "arXiv",
      primaryClass   = "gr-qc",
      reportNumber   = "KUNS-2228",
      SLACcitation   = "%%CITATION = ARXIV:0908.3283;%%"
}

@article{delPozzo:TaylorTidal,
      author         = "Del Pozzo, Walter and Li, Tjonnie G. F. and Agathos,
                        Michalis and Van Den Broeck, Chris and Vitale, Salvatore",
      title          = "{Demonstrating the feasibility of probing the neutron
                        star equation of state with second-generation
                        gravitational wave detectors}",
      journal        = "Phys. Rev. Lett.",
      volume         = "111",
      year           = "2013",
      number         = "7",
      pages          = "071101",
      doi            = "10.1103/PhysRevLett.111.071101",
      eprint         = "1307.8338",
      archivePrefix  = "arXiv",
      primaryClass   = "gr-qc",
      SLACcitation   = "%%CITATION = ARXIV:1307.8338;%%"
}
{aLIGO,
  title = {Advanced {LIGO}},
  howpublished = {\url{https://www.advancedligo.mit.edu/}},
  note = {Accessed: 2019-01-10}
  url={https://www.advancedligo.mit.edu/}
}


@article{Katerina:residuals,
  title = {Measuring the neutron star tidal deformability with equation-of-state-independent relations and gravitational waves},
  author = {Chatziioannou, Katerina and Haster, Carl-Johan and Zimmerman, Aaron},
  journal = {Phys. Rev. D},
  volume = {97},
  issue = {10},
  pages = {104036},
  numpages = {10},
  year = {2018},
  month = {May},
  publisher = {American Physical Society},
  doi = {10.1103/PhysRevD.97.104036},
  url = {https://link.aps.org/doi/10.1103/PhysRevD.97.104036}
}

@article{PhenomDI,
  title = {Frequency-domain gravitational waves from nonprecessing black-hole binaries. II. A phenomenological model for the advanced detector era},
  author = {Khan, Sebastian and Husa, Sascha and Hannam, Mark and Ohme, Frank and P\"urrer, Michael and Forteza, Xisco Jim\'enez and Boh\'e, Alejandro},
  journal = {Phys. Rev. D},
  volume = {93},
  issue = {4},
  pages = {044007},
  numpages = {27},
  year = {2016},
  month = {Feb},
  publisher = {American Physical Society},
  doi = {10.1103/PhysRevD.93.044007},
  url = {https://link.aps.org/doi/10.1103/PhysRevD.93.044007}
}

@article{Vines:2011ud,
      author         = "Vines, Justin and Flanagan, Eanna E. and Hinderer, Tanja",
      title          = "{Post-1-Newtonian tidal effects in the gravitational
                        waveform from binary inspirals}",
      journal        = "Phys. Rev.",
      volume         = "D83",
      year           = "2011",
      pages          = "084051",
      doi            = "10.1103/PhysRevD.83.084051",
      eprint         = "1101.1673",
      archivePrefix  = "arXiv",
      primaryClass   = "gr-qc",
      SLACcitation   = "%%CITATION = ARXIV:1101.1673;%%"
}

@article{Favata:2013rwa,
      author         = "Favata, Marc",
      title          = "{Systematic parameter errors in inspiraling neutron star
                        binaries}",
      journal        = "Phys. Rev. Lett.",
      volume         = "112",
      year           = "2014",
      pages          = "101101",
      doi            = "10.1103/PhysRevLett.112.101101",
      eprint         = "1310.8288",
      archivePrefix  = "arXiv",
      primaryClass   = "gr-qc",
      reportNumber   = "LIGO-P1300191",
      SLACcitation   = "%%CITATION = ARXIV:1310.8288;%%"
}

@article{PhenomDII,
  title = {Frequency-domain gravitational waves from nonprecessing black-hole binaries. I. New numerical waveforms and anatomy of the signal},
  author = {Husa, Sascha and Khan, Sebastian and Hannam, Mark and P\"urrer, Michael and Ohme, Frank and Forteza, Xisco Jim\'enez and Boh\'e, Alejandro},
  journal = {Phys. Rev. D},
  volume = {93},
  issue = {4},
  pages = {044006},
  numpages = {19},
  year = {2016},
  month = {Feb},
  publisher = {American Physical Society},
  doi = {10.1103/PhysRevD.93.044006},
  url = {https://link.aps.org/doi/10.1103/PhysRevD.93.044006}
}

@article{Freire:superMassiveNS,
      author         = "Freire, Paulo Cesar Carvalho and Ransom, Scott M. and
                        Begin, Steve and Stairs, Ingrid H. and Hessels, Jason W.
                        T. and Frey, Lucille H. and Camilo, Fernando",
      title          = "{Eight new MSPs in NGC 6440 and NGC 6441}",
      booktitle      = "{Proceedings,  40 years of pulsars: Millisecond pulsars,
                        magnetars and more: Montreal, Canada, August 12-17, 2007}",
      journal        = "AIP Conf. Proc.",
      volume         = "983",
      year           = "2008",
      pages          = "604-606",
      doi            = "10.1063/1.2900307",
      eprint         = "0711.2028",
      archivePrefix  = "arXiv",
      primaryClass   = "astro-ph",
      SLACcitation   = "%%CITATION = ARXIV:0711.2028;%%"
}

@article{Schutz:SNR,
	doi = {10.1088/0264-9381/28/12/125023},
	url = {https://doi.org/10.1088%2F0264-9381%2F28%2F12%2F125023},
	year = 2011,
	month = {may},
	publisher = {{IOP} Publishing},
	volume = {28},
	number = {12},
	pages = {125023},
	author = {Bernard F Schutz},
	title = {Networks of gravitational wave detectors and three figures of merit},
	journal = {Classical and Quantum Gravity},
}
  
@article{Chen:SNR,
      author         = "Chen, Hsin-Yu and Holz, Daniel E.",
      title          = "{The Loudest Gravitational Wave Events}",
      year           = "2014",
      eprint         = "1409.0522",
      archivePrefix  = "arXiv",
      primaryClass   = "gr-qc",
      SLACcitation   = "%%CITATION = ARXIV:1409.0522;%%"
}

@article{Poisson:Fisher,
  title = {Gravitational waves from inspiraling compact binaries: Parameter estimation using second-post-Newtonian waveforms},
  author = {Poisson, Eric and Will, Clifford M.},
  journal = {Phys. Rev. D},
  volume = {52},
  issue = {2},
  pages = {848--855},
  numpages = {0},
  year = {1995},
  month = {Jul},
  publisher = {American Physical Society},
  doi = {10.1103/PhysRevD.52.848},
  url = {https://link.aps.org/doi/10.1103/PhysRevD.52.848}
}


@article{Finn:Fisher,
  title = {Detection, measurement, and gravitational radiation},
  author = {Finn, Lee S.},
  journal = {Phys. Rev. D},
  volume = {46},
  issue = {12},
  pages = {5236--5249},
  numpages = {0},
  year = {1992},
  month = {Dec},
  publisher = {American Physical Society},
  doi = {10.1103/PhysRevD.46.5236},
  url = {https://link.aps.org/doi/10.1103/PhysRevD.46.5236}
}

@article{Cutler:Fisher,
  title = {Gravitational waves from merging compact binaries: How accurately can one extract the binary's parameters from the inspiral waveform?},
  author = {Cutler, Curt and Flanagan, \'Eanna E.},
  journal = {Phys. Rev. D},
  volume = {49},
  issue = {6},
  pages = {2658--2697},
  numpages = {0},
  year = {1994},
  month = {Mar},
  publisher = {American Physical Society},
  doi = {10.1103/PhysRevD.49.2658},
  url = {https://link.aps.org/doi/10.1103/PhysRevD.49.2658}
}


@article{Li:HeavyIon,
title = "Recent progress and new challenges in isospin physics with heavy-ion reactions",
journal = "Physics Reports",
volume = "464",
number = "4",
pages = "113 - 281",
year = "2008",
issn = "0370-1573",
doi = "https://doi.org/10.1016/j.physrep.2008.04.005",
url = "http://www.sciencedirect.com/science/article/pii/S0370157308001269",
author = "Bao-An Li and Lie-Wen Chen and Che Ming Ko",
keywords = "Equation of state of asymmetric nuclear matter, Nuclear symmetry energy, Heavy-ion reactions with neutron-rich nuclei, Neutron skin thickness of heavy nuclei, Neutron stars",
}

@article{Tsang:SymmetryEnergy,
  title = {Constraints on the Density Dependence of the Symmetry Energy},
  author = {Tsang, M. B. and Zhang, Yingxun and Danielewicz, P. and Famiano, M. and Li, Zhuxia and Lynch, W. G. and Steiner, A. W.},
  journal = {Phys. Rev. Lett.},
  volume = {102},
  issue = {12},
  pages = {122701},
  numpages = {4},
  year = {2009},
  month = {Mar},
  publisher = {American Physical Society},
  doi = {10.1103/PhysRevLett.102.122701},
  url = {https://link.aps.org/doi/10.1103/PhysRevLett.102.122701}
}


@article{Centelles:NeutronSkin,
  title = {Nuclear Symmetry Energy Probed by Neutron Skin Thickness of Nuclei},
  author = {Centelles, M. and Roca-Maza, X. and Vi\~nas, X. and Warda, M.},
  journal = {Phys. Rev. Lett.},
  volume = {102},
  issue = {12},
  pages = {122502},
  numpages = {4},
  year = {2009},
  month = {Mar},
  publisher = {American Physical Society},
  doi = {10.1103/PhysRevLett.102.122502},
  url = {https://link.aps.org/doi/10.1103/PhysRevLett.102.122502}
}


@article{Li:CrossSections,
  title = {Nucleon-nucleon cross sections in neutron-rich matter and isospin transport in heavy-ion reactions at intermediate energies},
  author = {Li, Bao-An and Chen, Lie-Wen},
  journal = {Phys. Rev. C},
  volume = {72},
  issue = {6},
  pages = {064611},
  numpages = {12},
  year = {2005},
  month = {Dec},
  publisher = {American Physical Society},
  doi = {10.1103/PhysRevC.72.064611},
  url = {https://link.aps.org/doi/10.1103/PhysRevC.72.064611}
}


@article{Chen:SymEnergy,
  title = {Determination of the Stiffness of the Nuclear Symmetry Energy from Isospin Diffusion},
  author = {Chen, Lie-Wen and Ko, Che Ming and Li, Bao-An},
  journal = {Phys. Rev. Lett.},
  volume = {94},
  issue = {3},
  pages = {032701},
  numpages = {4},
  year = {2005},
  month = {Jan},
  publisher = {American Physical Society},
  doi = {10.1103/PhysRevLett.94.032701},
  url = {https://link.aps.org/doi/10.1103/PhysRevLett.94.032701}
}


@article{Yagi:ILQ,
  title = {I-Love-Q relations in neutron stars and their applications to astrophysics, gravitational waves, and fundamental physics},
  author = {Yagi, Kent and Yunes, Nicol\'as},
  journal = {Phys. Rev. D},
  volume = {88},
  issue = {2},
  pages = {023009},
  numpages = {28},
  year = {2013},
  month = {Jul},
  publisher = {American Physical Society},
  doi = {10.1103/PhysRevD.88.023009},
  url = {https://link.aps.org/doi/10.1103/PhysRevD.88.023009}
}

@article{Yunes:2009ch,
      author         = "Yunes, Nicolas and Psaltis, Dimitrios and Ozel, Feryal
                        and Loeb, Abraham",
      title          = "{Constraining Parity Violation in Gravity with
                        Measurements of Neutron-Star Moments of Inertia}",
      journal        = "Phys. Rev.",
      volume         = "D81",
      year           = "2010",
      pages          = "064020",
      doi            = "10.1103/PhysRevD.81.064020",
      eprint         = "0912.2736",
      archivePrefix  = "arXiv",
      primaryClass   = "gr-qc",
      SLACcitation   = "%%CITATION = ARXIV:0912.2736;%%"
}

@article{Sakstein:2016oel,
      author         = "Sakstein, Jeremy and Babichev, Eugeny and Koyama, Kazuya
                        and Langlois, David and Saito, Ryo",
      title          = "{Towards Strong Field Tests of Beyond Horndeski Gravity
                        Theories}",
      journal        = "Phys. Rev.",
      volume         = "D95",
      year           = "2017",
      number         = "6",
      pages          = "064013",
      doi            = "10.1103/PhysRevD.95.064013",
      eprint         = "1612.04263",
      archivePrefix  = "arXiv",
      primaryClass   = "gr-qc",
      reportNumber   = "YITP-16-132",
      SLACcitation   = "%%CITATION = ARXIV:1612.04263;%%"
}

@article{Most:2018eaw,
      author         = "Most, Elias R. and Papenfort, L. Jens and Dexheimer,
                        Veronica and Hanauske, Matthias and Schramm, Stefan and
                        St�cker, Horst and Rezzolla, Luciano",
      title          = "{Signatures of quark-hadron phase transitions in
                        general-relativistic neutron-star mergers}",
      journal        = "Phys. Rev. Lett.",
      volume         = "122",
      year           = "2019",
      number         = "6",
      pages          = "061101",
      doi            = "10.1103/PhysRevLett.122.061101",
      eprint         = "1807.03684",
      archivePrefix  = "arXiv",
      primaryClass   = "astro-ph.HE",
      SLACcitation   = "%%CITATION = ARXIV:1807.03684;%%"
}

@article{Montana:2018bkb,
      author         = "Montana, Gloria and Tolos, Laura and Hanauske, Matthias
                        and Rezzolla, Luciano",
      title          = "{Constraining twin stars with GW170817}",
      year           = "2018",
      eprint         = "1811.10929",
      archivePrefix  = "arXiv",
      primaryClass   = "astro-ph.HE",
      SLACcitation   = "%%CITATION = ARXIV:1811.10929;%%"
}

@article{Burgio:2018yix,
      author         = "Burgio, G. F. and Drago, A. and Pagliara, G. and Schulze,
                        H. J. and Wei, J. B.",
      title          = "{Are Small Radii of Compact Stars Ruled out by
                        GW170817/AT2017gfo?}",
      journal        = "Astrophys. J.",
      volume         = "860",
      year           = "2018",
      number         = "2",
      pages          = "139",
      doi            = "10.3847/1538-4357/aac6ee",
      eprint         = "1803.09696",
      archivePrefix  = "arXiv",
      primaryClass   = "astro-ph.HE"
}

@article{Dietrich:2017aum,
      author         = "Dietrich, Tim and Bernuzzi, Sebastiano and Tichy,
                        Wolfgang",
      title          = "{Closed-form tidal approximants for binary neutron star
                        gravitational waveforms constructed from high-resolution
                        numerical relativity simulations}",
      journal        = "Phys. Rev.",
      volume         = "D96",
      year           = "2017",
      number         = "12",
      pages          = "121501",
      doi            = "10.1103/PhysRevD.96.121501",
      eprint         = "1706.02969",
      archivePrefix  = "arXiv",
      primaryClass   = "gr-qc",
      SLACcitation   = "%%CITATION = ARXIV:1706.02969;%%"
}

@article{Doneva:2017jop,
      author         = "Doneva, Daniela D. and Pappas, George",
      title          = "{Universal Relations and Alternative Gravity Theories}",
      journal        = "Astrophys. Space Sci. Libr.",
      volume         = "457",
      year           = "2018",
      pages          = "737-806",
      doi            = "10.1007/978-3-319-97616-7_13",
      eprint         = "1709.08046",
      archivePrefix  = "arXiv",
      primaryClass   = "gr-qc",
      SLACcitation   = "%%CITATION = ARXIV:1709.08046;%%"
}

@article{Babichev:2016jom,
      author         = "Babichev, Eugeny and Koyama, Kazuya and Langlois, David
                        and Saito, Ryo and Sakstein, Jeremy",
      title          = "{Relativistic Stars in Beyond Horndeski Theories}",
      journal        = "Class. Quant. Grav.",
      volume         = "33",
      year           = "2016",
      number         = "23",
      pages          = "235014",
      doi            = "10.1088/0264-9381/33/23/235014",
      eprint         = "1606.06627",
      archivePrefix  = "arXiv",
      primaryClass   = "gr-qc",
      reportNumber   = "YITP-16-76, LPT-ORSAY-16-46",
      SLACcitation   = "%%CITATION = ARXIV:1606.06627;%%"
}

@article{Gupta:2017vsl,
      author         = "Gupta, Toral and Majumder, Barun and Yagi, Kent and
                        Yunes, Nicol�s",
      title          = "{I-Love-Q Relations for Neutron Stars in dynamical Chern
                        Simons Gravity}",
      journal        = "Class. Quant. Grav.",
      volume         = "35",
      year           = "2018",
      number         = "2",
      pages          = "025009",
      doi            = "10.1088/1361-6382/aa9c68",
      eprint         = "1710.07862",
      archivePrefix  = "arXiv",
      primaryClass   = "gr-qc",
      SLACcitation   = "%%CITATION = ARXIV:1710.07862;%%"
}

@article{Lattimer:2004nj,
      author         = "Lattimer, James M. and Schutz, Bernard F.",
      title          = "{Constraining the equation of state with moment of
                        inertia measurements}",
      journal        = "Astrophys. J.",
      volume         = "629",
      year           = "2005",
      pages          = "979-984",
      doi            = "10.1086/431543",
      eprint         = "astro-ph/0411470",
      archivePrefix  = "arXiv",
      primaryClass   = "astro-ph",
      SLACcitation   = "%%CITATION = ASTRO-PH/0411470;%%"
}


@article{Eling:2007xh,
      author         = "Eling, Christopher and Jacobson, Ted and Coleman Miller,
                        M.",
      title          = "{Neutron stars in Einstein-aether theory}",
      journal        = "Phys. Rev.",
      volume         = "D76",
      year           = "2007",
      pages          = "042003",
      doi            = "10.1103/PhysRevD.76.042003, 10.1103/PhysRevD.80.129906",
      note           = "[Erratum: Phys. Rev.D80,129906(2009)]",
      eprint         = "0705.1565",
      archivePrefix  = "arXiv",
      primaryClass   = "gr-qc",
      SLACcitation   = "%%CITATION = ARXIV:0705.1565;%%"
}

@article{Damour:1996ke,
      author         = "Damour, Thibault and Esposito-Farese, Gilles",
      title          = "{Tensor - scalar gravity and binary pulsar experiments}",
      journal        = "Phys. Rev.",
      volume         = "D54",
      year           = "1996",
      pages          = "1474-1491",
      doi            = "10.1103/PhysRevD.54.1474",
      eprint         = "gr-qc/9602056",
      archivePrefix  = "arXiv",
      primaryClass   = "gr-qc",
      reportNumber   = "IHES-P-96-13, IASSNS-HEP-96-14, BRX-TH-391,
                        CPT-95-PE-3279, CPT-95-P.E.3279",
      SLACcitation   = "%%CITATION = GR-QC/9602056;%%"
}

@article{Abbott:2018exr,
      author         = "Abbott, B. P. and others",
      title          = "{GW170817: Measurements of neutron star radii and
                        equation of state}",
      collaboration  = "LIGO Scientific, Virgo",
      journal        = "Phys. Rev. Lett.",
      volume         = "121",
      year           = "2018",
      number         = "16",
      pages          = "161101",
      doi            = "10.1103/PhysRevLett.121.161101",
      eprint         = "1805.11581",
      archivePrefix  = "arXiv",
      primaryClass   = "gr-qc",
      reportNumber   = "LIGO-P1800115",
      SLACcitation   = "%%CITATION = ARXIV:1805.11581;%%"
}
  
@Article{Alam2016,
  author    = {N. Alam and B. K. Agrawal and M. Fortin and H. Pais and C. Provid{\^{e}}ncia and Ad. R. Raduta and A. Sulaksono},
  title     = {Strong correlations of neutron star radii with the slopes of nuclear matter incompressibility and symmetry energy at saturation},
  journal   = {Physical Review C},
  year      = {2016},
  volume    = {94},
  number    = {5},
  month     = {nov},
  doi       = {10.1103/physrevc.94.052801},
  publisher = {American Physical Society ({APS})},
  url       = {https://doi.org/10.1103/physrevc.94.052801},
}

@article{Sotani:2013dga,
      author         = "Sotani, Hajime and Iida, Kei and Oyamatsu, Kazuhiro and
                        Ohnishi, Akira",
      title          = "{Mass and radius formulas for low-mass neutron stars}",
      journal        = "PTEP",
      volume         = "2014",
      year           = "2014",
      pages          = "051E01",
      doi            = "10.1093/ptep/ptu052",
      eprint         = "1401.0161",
      archivePrefix  = "arXiv",
      primaryClass   = "astro-ph.HE",
      reportNumber   = "YITP-13-86",
      SLACcitation   = "%%CITATION = ARXIV:1401.0161;%%"
}

@article{Silva:2016myw,
      author         = "Silva, Hector O. and Sotani, Hajime and Berti, Emanuele",
      title          = "{Low-mass neutron stars: universal relations, the nuclear
                        symmetry energy and gravitational radiation}",
      journal        = "Mon. Not. Roy. Astron. Soc.",
      volume         = "459",
      year           = "2016",
      number         = "4",
      pages          = "4378-4388",
      doi            = "10.1093/mnras/stw969",
      eprint         = "1601.03407",
      archivePrefix  = "arXiv",
      primaryClass   = "astro-ph.HE",
      SLACcitation   = "%%CITATION = ARXIV:1601.03407;%%"
}


@Article{Read2009,
  author    = {Jocelyn S. Read and Benjamin D. Lackey and Benjamin J. Owen and John L. Friedman},
  title     = {Constraints on a phenomenologically parametrized neutron-star equation of state},
  journal   = {Physical Review D},
  year      = {2009},
  volume    = {79},
  number    = {12},
  month     = {jun},
  doi       = {10.1103/physrevd.79.124032},
  publisher = {American Physical Society ({APS})},
  url       = {https://doi.org/10.1103/physrevd.79.124032},
}

@article{Lackey:2014fwa,
      author         = "Lackey, Benjamin D. and Wade, Leslie",
      title          = "{Reconstructing the neutron-star equation of state with
                        gravitational-wave detectors from a realistic population
                        of inspiralling binary neutron stars}",
      journal        = "Phys. Rev.",
      volume         = "D91",
      year           = "2015",
      number         = "4",
      pages          = "043002",
      doi            = "10.1103/PhysRevD.91.043002",
      eprint         = "1410.8866",
      archivePrefix  = "arXiv",
      primaryClass   = "gr-qc",
      SLACcitation   = "%%CITATION = ARXIV:1410.8866;%%"
}

@article{Carney:2018sdv,
      author         = "Carney, Matthew F. and Wade, Leslie E. and Irwin, Burke
                        S.",
      title          = "{Comparing two models for measuring the neutron star
                        equation of state from gravitational-wave signals}",
      journal        = "Phys. Rev.",
      volume         = "D98",
      year           = "2018",
      number         = "6",
      pages          = "063004",
      doi            = "10.1103/PhysRevD.98.063004",
      eprint         = "1805.11217",
      archivePrefix  = "arXiv",
      primaryClass   = "gr-qc",
      SLACcitation   = "%%CITATION = ARXIV:1805.11217;%%"
}

@article{Lindblom:2010bb,
      author         = "Lindblom, Lee",
      title          = "{Spectral Representations of Neutron-Star Equations of
                        State}",
      journal        = "Phys. Rev.",
      volume         = "D82",
      year           = "2010",
      pages          = "103011",
      doi            = "10.1103/PhysRevD.82.103011",
      eprint         = "1009.0738",
      archivePrefix  = "arXiv",
      primaryClass   = "astro-ph.HE",
      SLACcitation   = "%%CITATION = ARXIV:1009.0738;%%"
}

@article{Lindblom:2012zi,
      author         = "Lindblom, Lee and Indik, Nathaniel M.",
      title          = "{A Spectral Approach to the Relativistic Inverse Stellar
                        Structure Problem}",
      journal        = "Phys. Rev.",
      volume         = "D86",
      year           = "2012",
      pages          = "084003",
      doi            = "10.1103/PhysRevD.86.084003",
      eprint         = "1207.3744",
      archivePrefix  = "arXiv",
      primaryClass   = "astro-ph.HE",
      SLACcitation   = "%%CITATION = ARXIV:1207.3744;%%"
}

@article{Lindblom:2018rfr,
      author         = "Lindblom, Lee",
      title          = "{Causal Representations of Neutron-Star Equations of
                        State}",
      journal        = "Phys. Rev.",
      volume         = "D97",
      year           = "2018",
      number         = "12",
      pages          = "123019",
      doi            = "10.1103/PhysRevD.97.123019",
      eprint         = "1804.04072",
      archivePrefix  = "arXiv",
      primaryClass   = "astro-ph.HE",
      SLACcitation   = "%%CITATION = ARXIV:1804.04072;%%"
}

@article{Abbott:2018exr,
      author         = "Abbott, B. P. and others",
      title          = "{GW170817: Measurements of neutron star radii and
                        equation of state}",
      collaboration  = "Virgo, LIGO Scientific",
      year           = "2018",
      eprint         = "1805.11581",
      archivePrefix  = "arXiv",
      primaryClass   = "gr-qc",
      reportNumber   = "LIGO-P1800115, LIGO-P1800115",
      SLACcitation   = "%%CITATION = ARXIV:1805.11581;%%"
}

@Article{Fortin2016,
  author    = {M. Fortin and C. Provid{\^{e}}ncia and Ad. R. Raduta and F. Gulminelli and J. L. Zdunik and P. Haensel and M. Bejger},
  title     = {Neutron star radii and crusts: Uncertainties and unified equations of state},
  journal   = {Physical Review C},
  year      = {2016},
  volume    = {94},
  number    = {3},
  month     = {sep},
  doi       = {10.1103/physrevc.94.035804},
  publisher = {American Physical Society ({APS})},
  url       = {https://doi.org/10.1103/physrevc.94.035804},
}

@Article{Burgio2018,
  author      = {G. F. Burgio and A. Drago and G. Pagliara and H. -J. Schulze and J. -B. Wei},
  title       = {Has deconfined quark matter been detected during GW170817/AT2017gfo?},
  journal     = {Arxiv},
  year        = {2018},
  abstract    = {The detection of GW170817 and its electromagnetic counterparts allows to constrain the equation of state of dense matter in new and complementary ways. Very stiff equations of state are ruled out by the upper limit on the tidal deformability requested by the detected gravitational wave signal. Very soft equations of state are also disfavored by considering the large amount of ejected matter which powers the kilonova AT2017gfo. This translates into an allowed window for the radius of the $1.4 M_{\odot}$ stellar configuration between $\sim 11.5$ and $13.5\,$km. On the other hand, several analyses of X-ray observations suggest radii significantly smaller than $11.5\,$km. Here we show that by interpreting the event of August 2017 as due to the merger of a hadronic star and of a quark (or hybrid) star it is possible to satisfy all the observational constraints derived from GW170817/AT2017gfo as well as the constraints obtained by the modeling of the X-ray spectra of compact stars.},
  date        = {2018-03-26},
  eprint      = {1803.09696v1},
  eprintclass = {astro-ph.HE},
  eprinttype  = {arXiv},
  file        = {:http\://arxiv.org/pdf/1803.09696v1:PDF},
  keywords    = {astro-ph.HE, hep-ph, nucl-th},
  url         = {http://arxiv.org/pdf/1803.09696v1},
}

@Article{Abbott2017,
  author    = {B.{\hspace{0.167em}}P. Abbott and others},
  title     = {{GW}170817: Observation of Gravitational Waves from a Binary Neutron Star Inspiral},
  journal   = {Physical Review Letters},
  year      = {2017},
  volume    = {119},
  number    = {16},
  month     = {oct},
  doi       = {10.1103/physrevlett.119.161101},
  publisher = {American Physical Society ({APS})},
  url       = {https://doi.org/10.1103/physrevlett.119.161101},
}

@Article{Vidana2009,
  author    = {Isaac Vida{\~{n}}a and Constan{\c{c}}a Provid{\^{e}}ncia and Artur Polls and Arnau Rios},
  title     = {Density dependence of the nuclear symmetry energy: A microscopic perspective},
  journal   = {Physical Review C},
  year      = {2009},
  volume    = {80},
  number    = {4},
  month     = {oct},
  doi       = {10.1103/physrevc.80.045806},
  publisher = {American Physical Society ({APS})},
  url       = {https://doi.org/10.1103/physrevc.80.045806},
}

@Article{Alam2014,
  author    = {N. Alam and B. K. Agrawal and J. N. De and S. K. Samaddar and G. Col{\`{o}}},
  title     = {Equation of state of nuclear matter from empirical constraints},
  journal   = {Physical Review C},
  year      = {2014},
  volume    = {90},
  number    = {5},
  month     = {nov},
  doi       = {10.1103/physrevc.90.054317},
  publisher = {American Physical Society ({APS})},
  url       = {https://doi.org/10.1103/physrevc.90.054317},
}

@Article{Paschalidis2018,
  author    = {Vasileios Paschalidis and Kent Yagi and David Alvarez-Castillo and David B. Blaschke and Armen Sedrakian},
  title     = {Implications from {GW}170817 and I-Love-Q relations for relativistic hybrid stars},
  journal   = {Physical Review D},
  year      = {2018},
  volume    = {97},
  number    = {8},
  month     = {apr},
  doi       = {10.1103/physrevd.97.084038},
  publisher = {American Physical Society ({APS})},
  url       = {https://doi.org/10.1103/physrevd.97.084038},
}

@article{TheLIGOScientific:2017qsa,
      author         = "Abbott, Benjamin P. and others",
      title          = "{GW170817: Observation of Gravitational Waves from a
                        Binary Neutron Star Inspiral}",
      collaboration  = "Virgo, LIGO Scientific",
      journal        = "Phys. Rev. Lett.",
      volume         = "119",
      year           = "2017",
      pages          = "161101",
      doi            = "10.1103/PhysRevLett.119.161101",
      eprint         = "1710.05832",
      archivePrefix  = "arXiv",
      primaryClass   = "gr-qc",
      reportNumber   = "LIGO-P170817",
      SLACcitation   = "%%CITATION = ARXIV:1710.05832;%%"
}


@Article{Koehler1976,
  author    = {H.S. Köhler},
  title     = {Skyrme force and the mass formula},
  journal   = {Nuclear Physics A},
  year      = {1976},
  volume    = {258},
  number    = {2},
  pages     = {301--316},
  month     = {feb},
  doi       = {10.1016/0375-9474(76)90008-7},
  publisher = {Elsevier {BV}},
  url       = {https://doi.org/10.1016/0375-9474(76)90008-7},
}

@Article{Reinhard1995,
  author    = {P.-G. Reinhard and H. Flocard},
  title     = {Nuclear effective forces and isotope shifts},
  journal   = {Nuclear Physics A},
  year      = {1995},
  volume    = {584},
  number    = {3},
  pages     = {467--488},
  month     = {feb},
  doi       = {10.1016/0375-9474(94)00770-n},
  publisher = {Elsevier {BV}},
  url       = {https://doi.org/10.1016/0375-9474(94)00770-n},
}

@article{Margueron2018,
  title = {Equation of state for dense nucleonic matter from metamodeling. II. Predictions for neutron star properties},
  author = {Margueron, J\'er\^ome and Hoffmann Casali, Rudiney and Gulminelli, Francesca},
  journal = {Phys. Rev. C},
  volume = {97},
  issue = {2},
  pages = {025806},
  numpages = {24},
  year = {2018},
  month = {Feb},
  publisher = {American Physical Society},
  doi = {10.1103/PhysRevC.97.025806},
  url = {https://link.aps.org/doi/10.1103/PhysRevC.97.025806}
}

@Article{Nazarewicz1996,
  author    = {W. Nazarewicz and J. Dobaczewski and T. R. Werner and J. A. Maruhn and P.-G. Reinhard and K. Rutz and C. R. Chinn and A. S. Umar and M. R. Strayer},
  title     = {Structure of proton drip-line nuclei around doubly {magicNi}48},
  journal   = {Physical Review C},
  year      = {1996},
  volume    = {53},
  number    = {2},
  pages     = {740--751},
  month     = {feb},
  doi       = {10.1103/physrevc.53.740},
  publisher = {American Physical Society ({APS})},
  url       = {https://doi.org/10.1103/physrevc.53.740},
}

@PhdThesis{Chabanat1995,
  author = {E. Chabanat},
  title  = {Interactions effectives pour des conditions extremes d'isospin},
  school = {University Claude Bernard Lyon-I},
  year   = {1995},
}

@Article{Bennour1989,
  author    = {L. Bennour and P-H. Heenen and P. Bonche and J. Dobaczewski and H. Flocard},
  title     = {Charge distributions {ofPb}208,Pb206, {andTl}205and the mean-field approximation},
  journal   = {Physical Review C},
  year      = {1989},
  volume    = {40},
  number    = {6},
  pages     = {2834--2839},
  month     = {dec},
  doi       = {10.1103/physrevc.40.2834},
  publisher = {American Physical Society ({APS})},
  url       = {https://doi.org/10.1103/physrevc.40.2834},
}

@Article{Reinhard1999,
  author    = {P.-G. Reinhard},
  title     = {Skyrme forces and giant resonances in exotic nuclei},
  journal   = {Nuclear Physics A},
  year      = {1999},
  volume    = {649},
  number    = {1-4},
  pages     = {305--314},
  month     = {mar},
  doi       = {10.1016/s0375-9474(99)00076-7},
  publisher = {Elsevier {BV}},
  url       = {https://doi.org/10.1016/s0375-9474(99)00076-7},
}

@Article{Agrawal2005,
  author    = {B. K. Agrawal and S. Shlomo and V. Kim Au},
  title     = {Determination of the parameters of a Skyrme type effective interaction using the simulated annealing approach},
  journal   = {Physical Review C},
  year      = {2005},
  volume    = {72},
  number    = {1},
  month     = {jul},
  doi       = {10.1103/physrevc.72.014310},
  publisher = {American Physical Society ({APS})},
  url       = {https://doi.org/10.1103/physrevc.72.014310},
}

@Article{Agrawal2003,
  author    = {B. K. Agrawal and S. Shlomo and V. Kim Au},
  title     = {Nuclear matter incompressibility coefficient in relativistic and nonrelativistic microscopic models},
  journal   = {Physical Review C},
  year      = {2003},
  volume    = {68},
  number    = {3},
  month     = {sep},
  doi       = {10.1103/physrevc.68.031304},
  publisher = {American Physical Society ({APS})},
  url       = {https://doi.org/10.1103/physrevc.68.031304},
}

@Article{Friedrich1986,
  author    = {J. Friedrich and P.-G. Reinhard},
  title     = {Skyrme-force parametrization: Least-squares fit to nuclear ground-state properties},
  journal   = {Physical Review C},
  year      = {1986},
  volume    = {33},
  number    = {1},
  pages     = {335--351},
  month     = {jan},
  doi       = {10.1103/physrevc.33.335},
  publisher = {American Physical Society ({APS})},
  url       = {https://doi.org/10.1103/physrevc.33.335},
}

@Article{Goriely2010,
  author    = {S. Goriely and N. Chamel and J. M. Pearson},
  title     = {Further explorations of Skyrme-Hartree-Fock-Bogoliubov mass formulas. {XII}. Stiffness and stability of neutron-star matter},
  journal   = {Physical Review C},
  year      = {2010},
  volume    = {82},
  number    = {3},
  month     = {sep},
  doi       = {10.1103/physrevc.82.035804},
  publisher = {American Physical Society ({APS})},
  url       = {https://doi.org/10.1103/physrevc.82.035804},
}

@Article{Goriely2013,
  author    = {S. Goriely and N. Chamel and J. M. Pearson},
  title     = {Further explorations of Skyrme-Hartree-Fock-Bogoliubov mass formulas. {XIII}. The 2012 atomic mass evaluation and the symmetry coefficient},
  journal   = {Physical Review C},
  year      = {2013},
  volume    = {88},
  number    = {2},
  month     = {aug},
  doi       = {10.1103/physrevc.88.024308},
  publisher = {American Physical Society ({APS})},
  url       = {https://doi.org/10.1103/physrevc.88.024308},
}

@Article{Dhiman2007,
  author    = {Shashi K. Dhiman and Raj Kumar and B. K. Agrawal},
  title     = {Nonrotating and rotating neutron stars in the extended field theoretical model},
  journal   = {Physical Review C},
  year      = {2007},
  volume    = {76},
  number    = {4},
  month     = {oct},
  doi       = {10.1103/physrevc.76.045801},
  publisher = {American Physical Society ({APS})},
  url       = {https://doi.org/10.1103/physrevc.76.04580},
}

@Article{Agrawal2010,
  author    = {B. K. Agrawal},
  title     = {Asymmetric nuclear matter and neutron skin in an extended relativistic mean-field model},
  journal   = {Physical Review C},
  year      = {2010},
  volume    = {81},
  number    = {3},
  month     = {mar},
  doi       = {10.1103/physrevc.81.034323},
  publisher = {American Physical Society ({APS})},
  url       = {https://doi.org/10.1103/physrevc.81.034323},
}

@Article{Glendenning1991,
  author  = {N.K. Glendenning},
  title   = {Reconciliation of Neutron-Star Masses and Binding of the A in Hypernuclei},
  journal = {Physical Review Letters},
  year    = {1991},
  doi     = {10.1103/PhysRevLett.67.2414},
  url     = {https://doi.org/10.1103/PhysRevLett.67.2414},
}

@Article{Lalazissis1997,
  author    = {G. A. Lalazissis and J. König and P. Ring},
  title     = {New parametrization for the Lagrangian density of relativistic mean field theory},
  journal   = {Physical Review C},
  year      = {1997},
  volume    = {55},
  number    = {1},
  pages     = {540--543},
  month     = {jan},
  doi       = {10.1103/physrevc.55.540},
  publisher = {American Physical Society ({APS})},
  url       = {https://doi.org/10.1103/physrevc.55.540},
}

@Article{Sugahara1994,
  author    = {Y. Sugahara and H. Toki},
  title     = {Relativistic mean-field theory for unstable nuclei with non-linear $\sigma$ and $\omega$ terms},
  journal   = {Nuclear Physics A},
  year      = {1994},
  volume    = {579},
  number    = {3-4},
  pages     = {557--572},
  month     = {oct},
  doi       = {10.1016/0375-9474(94)90923-7},
  publisher = {Elsevier {BV}},
  url       = {https://doi.org/10.1016/0375-9474(94)90923-7},
}

@Article{Typel2010,
  author    = {S. Typel and G. Röpke and T. Klähn and D. Blaschke and H. H. Wolter},
  title     = {Composition and thermodynamics of nuclear matter with light clusters},
  journal   = {Physical Review C},
  year      = {2010},
  volume    = {81},
  number    = {1},
  month     = {jan},
  doi       = {10.1103/physrevc.81.015803},
  publisher = {American Physical Society ({APS})},
  url       = {https://doi.org/10.1103/physrevc.81.015803},
}

@Article{Gaitanos2004,
  author    = {T. Gaitanos and M. Di Toro and S. Typel and V. Baran and C. Fuchs and V. Greco and H.H. Wolter},
  title     = {On the Lorentz structure of the symmetry energy},
  journal   = {Nuclear Physics A},
  year      = {2004},
  volume    = {732},
  pages     = {24--48},
  month     = {feb},
  doi       = {10.1016/j.nuclphysa.2003.12.001},
  publisher = {Elsevier {BV}},
  url       = {https://doi.org/10.1016/j.nuclphysa.2003.12.001},
}

@article{Messenger:2011gi,
      author         = "Messenger, C. and Read, J.",
      title          = "{Measuring a cosmological distance-redshift relationship
                        using only gravitational wave observations of binary
                        neutron star coalescences}",
      journal        = "Phys. Rev. Lett.",
      volume         = "108",
      year           = "2012",
      pages          = "091101",
      doi            = "10.1103/PhysRevLett.108.091101",
      eprint         = "1107.5725",
      archivePrefix  = "arXiv",
      primaryClass   = "gr-qc",
      SLACcitation   = "%%CITATION = ARXIV:1107.5725;%%"
}

@Article{Radice2018,
  author    = {David Radice and Albino Perego and Francesco Zappa and Sebastiano Bernuzzi},
  title     = {{GW}170817: Joint Constraint on the Neutron Star Equation of State from Multimessenger Observations},
  journal   = {The Astrophysical Journal},
  year      = {2018},
  volume    = {852},
  number    = {2},
  pages     = {L29},
  month     = {jan},
  doi       = {10.3847/2041-8213/aaa402},
  publisher = {American Astronomical Society},
  url       = {https://doi.org/10.3847/2041-8213/aaa402},
}

@article{Abbott2018,
      author         = "Abbott, B. P. and others",
      title          = "{Properties of the binary neutron star merger GW170817}",
      collaboration  = "LIGO Scientific, Virgo",
      journal        = "Phys. Rev.",
      volume         = "X9",
      year           = "2019",
      number         = "1",
      pages          = "011001",
      doi            = "10.1103/PhysRevX.9.011001",
      eprint         = "1805.11579",
      archivePrefix  = "arXiv",
      primaryClass   = "gr-qc",
      SLACcitation   = "%%CITATION = ARXIV:1805.11579;%%"
}

@article{Malik2018,
      author         = "Malik, Tuhin and Alam, N. and Fortin, M. and
                        Providência, C. and Agrawal, B. K. and Jha, T. K. and
                        Kumar, Bharat and Patra, S. K.",
      title          = "{GW170817: constraining the nuclear matter equation of
                        state from the neutron star tidal deformability}",
      journal        = "Phys. Rev.",
      volume         = "C98",
      year           = "2018",
      number         = "3",
      pages          = "035804",
      doi            = "10.1103/PhysRevC.98.035804",
      eprint         = "1805.11963",
      archivePrefix  = "arXiv",
      primaryClass   = "nucl-th",
      SLACcitation   = "%%CITATION = ARXIV:1805.11963;%%"
}

@Article{Lattimer2013,
  author    = {James M. Lattimer and Yeunhwan Lim},
  title     = {{CONSTRAINING} {THE} {SYMMETRY} {PARAMETERS} {OF} {THE} {NUCLEAR} {INTERACTION}},
  journal   = {The Astrophysical Journal},
  year      = {2013},
  volume    = {771},
  number    = {1},
  pages     = {51},
  month     = {jun},
  doi       = {10.1088/0004-637x/771/1/51},
  publisher = {{IOP} Publishing},
  url       = {http://doi.org/10.1088/0004-637x/771/1/51},
}

@Article{Oertel2017,
  author    = {M. Oertel and M. Hempel and T. Klähn and S. Typel},
  title     = {Equations of state for supernovae and compact stars},
  journal   = {Reviews of Modern Physics},
  year      = {2017},
  volume    = {89},
  number    = {1},
  month     = {mar},
  doi       = {10.1103/revmodphys.89.015007},
  publisher = {American Physical Society ({APS})},
  url       = {http://doi.org/10.1103/revmodphys.89.015007},
}

@ARTICLE{Kienlin2017,
   author = {{von Kienlin}, A. and {Meegan}, C. and {Goldstein}, A.},
    title = "{GRB 170817A: Fermi GBM detection.}",
  journal = {GRB Coordinates Network, Circular Service, No.~21520, \#1 (2017)},
     year = 2017,
   volume = 21520,
   adsurl = {http://adsabs.harvard.edu/abs/2017GCN.21520....1V},
  adsnote = {Provided by the SAO/NASA Astrophysics Data System}
}

@article{Lipunov2017,
  author={V. M. Lipunov and others},
  title={MASTER Optical Detection of the First LIGO/Virgo Neutron Star Binary Merger GW170817},
  journal={The Astrophysical Journal Letters},
  volume={850},
  number={1},
  pages={L1},
  url={http://stacks.iop.org/2041-8205/850/i=1/a=L1},
  year={2017}
}
	
	
@article{Goldstein2017,
  author={A. Goldstein and others},
  title={An Ordinary Short Gamma-Ray Burst with Extraordinary Implications: Fermi -GBM Detection of GRB 170817A},
  journal={The Astrophysical Journal Letters},
  volume={848},
  number={2},
  pages={L14},
  url={http://stacks.iop.org/2041-8205/848/i=2/a=L14},
  year={2017}
}
@article{Yagi:2015pkc,
      author         = "Yagi, Kent and Yunes, Nicolas",
      title          = "{Binary Love Relations}",
      journal        = "Class. Quant. Grav.",
      volume         = "33",
      year           = "2016",
      number         = "13",
      pages          = "13LT01",
      doi            = "10.1088/0264-9381/33/13/13LT01",
      eprint         = "1512.02639",
      archivePrefix  = "arXiv",
      primaryClass   = "gr-qc",
      SLACcitation   = "%%CITATION = ARXIV:1512.02639;%%"
}

@article{Douchin:2001sv,
      author         = "Douchin, F. and Haensel, P.",
      title          = "{A unified equation of state of dense matter and neutron
                        star structure}",
      journal        = "Astron. Astrophys.",
      volume         = "380",
      year           = "2001",
      pages          = "151",
      doi            = "10.1051/0004-6361:20011402",
      eprint         = "astro-ph/0111092",
      archivePrefix  = "arXiv",
      primaryClass   = "astro-ph",
      SLACcitation   = "%%CITATION = ASTRO-PH/0111092;%%"
}

@ARTICLE{1971SvA....15..347S,
   author = {{Seidov}, Z.~F.},
    title = "{The Stability of a Star with a Phase Change in General Relativity Theory}",
  journal = {Sov. Ast.},
     year = 1971,
    month = oct,
   volume = 15,
    pages = {347},
   adsurl = {http://adsabs.harvard.edu/abs/1971SvA....15..347S},
  adsnote = {Provided by the SAO/NASA Astrophysics Data System}
}

@article{Zdunik:2012dj,
      author         = "Zdunik, J. L. and Haensel, P.",
      title          = "{Maximum mass of neutron stars and strange neutron-star
                        cores}",
      journal        = "Astron. Astrophys.",
      volume         = "551",
      year           = "2013",
      pages          = "A61",
      doi            = "10.1051/0004-6361/201220697",
      eprint         = "1211.1231",
      archivePrefix  = "arXiv",
      primaryClass   = "astro-ph.SR",
      SLACcitation   = "%%CITATION = ARXIV:1211.1231;%%"
}

@article{Alford:2013aca,
      author         = "Alford, Mark G. and Han, Sophia and Prakash, Madappa",
      title          = "{Generic conditions for stable hybrid stars}",
      journal        = "Phys. Rev.",
      volume         = "D88",
      year           = "2013",
      number         = "8",
      pages          = "083013",
      doi            = "10.1103/PhysRevD.88.083013",
      eprint         = "1302.4732",
      archivePrefix  = "arXiv",
      primaryClass   = "astro-ph.SR",
      SLACcitation   = "%%CITATION = ARXIV:1302.4732;%%"
}

@misc{zack,
      title = "",
      author = "Carson, Z., and Steiner, A. W., and Yagi, K.",
      year = {in preparation}
}

@article{Alford:2017qgh,
      author         = "Alford, Mark G. and Sedrakian, Armen",
      title          = "{Compact stars with sequential QCD phase transitions}",
      journal        = "Phys. Rev. Lett.",
      volume         = "119",
      year           = "2017",
      number         = "16",
      pages          = "161104",
      doi            = "10.1103/PhysRevLett.119.161104",
      eprint         = "1706.01592",
      archivePrefix  = "arXiv",
      primaryClass   = "astro-ph.HE",
      SLACcitation   = "%%CITATION = ARXIV:1706.01592;%%"
}
@article{damour-nagar,
      author         = "Damour, Thibault and Nagar, Alessandro",
      title          = "{Relativistic tidal properties of neutron stars}",
      journal        = "Phys.Rev.",
      volume         = "D80",
      pages          = "084035",
      doi            = "10.1103/PhysRevD.80.084035",
      year           = "2009",
      eprint         = "0906.0096",
      archivePrefix  = "arXiv",
      primaryClass   = "gr-qc",
      SLACcitation   = "%%CITATION = ARXIV:0906.0096;%%",
}

@article{hinderer-love,
  author={Tanja Hinderer},
  title={Tidal Love Numbers of Neutron Stars},
  journal={The Astrophysical Journal},
  volume={677},
  number={2},
  pages={1216},
  url={http://stacks.iop.org/0004-637X/677/i=2/a=1216},
  year={2008}
}

@Article{Flanagan2008,
  author    = {{\'{E}}anna {\'{E}}. Flanagan and Tanja Hinderer},
  title     = {Constraining neutron-star tidal Love numbers with gravitational-wave detectors},
  journal   = {Physical Review D},
  year      = {2008},
  volume    = {77},
  number    = {2},
  month     = {jan},
  doi       = {10.1103/physrevd.77.021502},
  publisher = {American Physical Society ({APS})},
  url       = {https://doi.org/10.1103/physrevd.77.021502},
}

@Article{Lattimer2014,
  author    = {James M. Lattimer and Andrew W. Steiner},
  title     = {Constraints on the symmetry energy using the mass-radius relation of neutron stars},
  journal   = {The European Physical Journal A},
  year      = {2014},
  volume    = {50},
  number    = {2},
  month     = {feb},
  doi       = {10.1140/epja/i2014-14040-y},
  publisher = {Springer Nature},
  url       = {https://doi.org/10.1140/epja/i2014-14040-y},
}

@article{guver,
      author         = "Guver, Tolga and Ozel, Feryal",
      title          = "{The mass and the radius of the neutron star in the
                        transient low mass X-ray binary SAX J1748.9-2021}",
      journal        = "Astrophys. J.",
      volume         = "765",
      year           = "2013",
      pages          = "L1",
      doi            = "10.1088/2041-8205/765/1/L1",
      eprint         = "1301.0831",
      archivePrefix  = "arXiv",
      primaryClass   = "astro-ph.HE",
      SLACcitation   = "%%CITATION = ARXIV:1301.0831;%%"
}

@article{Bauswein:2017vtn,
      author         = "Bauswein, Andreas and Just, Oliver and Janka, Hans-Thomas
                        and Stergioulas, Nikolaos",
      title          = "{Neutron-star radius constraints from GW170817 and future
                        detections}",
      journal        = "Astrophys. J.",
      volume         = "850",
      year           = "2017",
      number         = "2",
      pages          = "L34",
      doi            = "10.3847/2041-8213/aa9994",
      eprint         = "1710.06843",
      archivePrefix  = "arXiv",
      primaryClass   = "astro-ph.HE",
      SLACcitation   = "%%CITATION = ARXIV:1710.06843;%%"
}

@article{Lim:2018bkq,
      author         = "Lim, Yeunhwan and Holt, Jeremy W.",
      title          = "{Neutron star tidal deformabilities constrained by
                        nuclear theory and experiment}",
      journal        = "Phys. Rev. Lett.",
      volume         = "121",
      year           = "2018",
      number         = "6",
      pages          = "062701",
      doi            = "10.1103/PhysRevLett.121.062701",
      eprint         = "1803.02803",
      archivePrefix  = "arXiv",
      primaryClass   = "nucl-th",
      SLACcitation   = "%%CITATION = ARXIV:1803.02803;%%"
}

@article{Most:2018hfd,
      author         = "Most, Elias R. and Weih, Lukas R. and Rezzolla, Luciano
                        and Schaffner-Bielich, J�rgen",
      title          = "{New constraints on radii and tidal deformabilities of
                        neutron stars from GW170817}",
      journal        = "Phys. Rev. Lett.",
      volume         = "120",
      year           = "2018",
      number         = "26",
      pages          = "261103",
      doi            = "10.1103/PhysRevLett.120.261103",
      eprint         = "1803.00549",
      archivePrefix  = "arXiv",
      primaryClass   = "gr-qc",
      SLACcitation   = "%%CITATION = ARXIV:1803.00549;%%"
}

@article{De:2018uhw,
      author         = "De, Soumi and Finstad, Daniel and Lattimer, James M. and
                        Brown, Duncan A. and Berger, Edo and Biwer, Christopher
                        M.",
      title          = "{Tidal Deformabilities and Radii of Neutron Stars from
                        the Observation of GW170817}",
      journal        = "Phys. Rev. Lett.",
      volume         = "121",
      year           = "2018",
      number         = "9",
      pages          = "091102",
      doi            = "10.1103/PhysRevLett.121.259902,
                        10.1103/PhysRevLett.121.091102",
      note           = "[Erratum: Phys. Rev. Lett.121,no.25,259902(2018)]",
      eprint         = "1804.08583",
      archivePrefix  = "arXiv",
      primaryClass   = "astro-ph.HE",
      SLACcitation   = "%%CITATION = ARXIV:1804.08583;%%"
}

@article{Ozel:2016oaf,
      author         = "Ozel, Feryal and Freire, Paulo",
      title          = "{Masses, Radii, and Equation of State of Neutron Stars}",
      journal        = "Ann. Rev. Astron. Astrophys.",
      volume         = "54",
      year           = "2016",
      pages          = "401",
      doi            = "10.1146/annurev-astro-081915-023322",
      eprint         = "1603.02698",
      archivePrefix  = "arXiv",
      primaryClass   = "astro-ph.HE",
      SLACcitation   = "%%CITATION = ARXIV:1603.02698;%%"
}

@article{ozel-baym-guver,
      author         = "Ozel, Feryal and Baym, Gordon and Guver, Tolga",
      title          = "{Astrophysical Measurement of the Equation of State of
                        Neutron Star Matter}",
      journal        = "Phys.Rev.",
      volume         = "D82",
      pages          = "101301",
      doi            = "10.1103/PhysRevD.82.101301",
      year           = "2010",
      eprint         = "1002.3153",
      archivePrefix  = "arXiv",
      primaryClass   = "astro-ph.HE",
      SLACcitation   = "%%CITATION = ARXIV:1002.3153;%%",
}

@Article{Miller2013,
  author      = {M. Coleman Miller},
  title       = {Astrophysical Constraints on Dense Matter in Neutron Stars},
  journal     = {Arxiv},
  abstract    = {Ever since the discovery of neutron stars it has been realized that they serve as probes of a physical regime that cannot be accessed in laboratories: strongly degenerate matter at several times nuclear saturation density. Existing nuclear theories diverge widely in their predictions about such matter. It could be that the matter is primarily nucleons, but it is also possible that exotic species such as hyperons, free quarks, condensates, or strange matter may dominate this regime. Astronomical observations of cold high-density matter are necessarily indirect, which means that we must rely on measurements of quantities such as the masses and radii of neutron stars and their surface effective temperatures as a function of age. Here we review the current status of constraints from various methods and the prospects for future improvements.},
  date        = {2013-11-29},
  eprint      = {1312.0029v1},
  eprintclass = {astro-ph.HE},
  eprinttype  = {arXiv},
  file        = {:http\://arxiv.org/pdf/1312.0029v1:PDF},
  keywords    = {astro-ph.HE, nucl-th},
  url         = {https://arxiv.org/abs/1312.0029},
}

@Article{Steiner2016,
  author    = {A. W. Steiner and J. M. Lattimer and E. F. Brown},
  title     = {Neutron star radii, universal relations, and the role of prior distributions},
  journal   = {The European Physical Journal A},
  year      = {2016},
  volume    = {52},
  number    = {2},
  month     = {feb},
  doi       = {10.1140/epja/i2016-16018-1},
  publisher = {Springer Nature},
  url       = {https://doi.org/10.1140/epja/i2016-16018-1},
}


@article{Yagi:2013bca,
      author         = "Yagi, Kent and Yunes, Nicolas",
      title          = "{I-Love-Q}",
      journal        = "Science",
      volume         = "341",
      year           = "2013",
      pages          = "365-368",
      doi            = "10.1126/science.1236462",
      eprint         = "1302.4499",
      archivePrefix  = "arXiv",
      primaryClass   = "gr-qc",
      SLACcitation   = "%%CITATION = ARXIV:1302.4499;%%"
}

@article{Yagi:2013mbt,
      author         = "Yagi, Kent and Stein, Leo C. and Yunes, Nicolas and
                        Tanaka, Takahiro",
      title          = "{Isolated and Binary Neutron Stars in Dynamical
                        Chern-Simons Gravity}",
      journal        = "Phys. Rev.",
      volume         = "D87",
      year           = "2013",
      pages          = "084058",
      doi            = "10.1103/PhysRevD.87.084058, 10.1103/PhysRevD.93.089909",
      note           = "[Erratum: Phys. Rev.D93,no.8,089909(2016)]",
      eprint         = "1302.1918",
      archivePrefix  = "arXiv",
      primaryClass   = "gr-qc",
      SLACcitation   = "%%CITATION = ARXIV:1302.1918;%%"
}

@article{Yagi:2016bkt,
      author         = "Yagi, Kent and Yunes, Nicol�s",
      title          = "{Approximate Universal Relations for Neutron Stars and
                        Quark Stars}",
      journal        = "Phys. Rept.",
      volume         = "681",
      year           = "2017",
      pages          = "1-72",
      doi            = "10.1016/j.physrep.2017.03.002",
      eprint         = "1608.02582",
      archivePrefix  = "arXiv",
      primaryClass   = "gr-qc",
      SLACcitation   = "%%CITATION = ARXIV:1608.02582;%%"
}

@article{Maselli:2013mva,
      author         = "Maselli, Andrea and Cardoso, Vitor and Ferrari, Valeria
                        and Gualtieri, Leonardo and Pani, Paolo",
      title          = "{Equation-of-state-independent relations in neutron
                        stars}",
      journal        = "Phys. Rev.",
      volume         = "D88",
      year           = "2013",
      number         = "2",
      pages          = "023007",
      doi            = "10.1103/PhysRevD.88.023007",
      eprint         = "1304.2052",
      archivePrefix  = "arXiv",
      primaryClass   = "gr-qc",
      SLACcitation   = "%%CITATION = ARXIV:1304.2052;%%"
}

@Article{Carson_multiBandPRD,
  author = {Carson, Zack and Yagi, Kent},
  title  = {{Multi-band gravitational wave tests of general relativity}},
  year   = {\noop{3001}in preparation},
}

@Article{Carriere_2003,
  author    = {J. Carriere and C. J. Horowitz and J. Piekarewicz},
  title     = {Low-Mass Neutron Stars and the Equation of State of Dense Matter},
  journal   = {The Astrophysical Journal},
  year      = {2003},
  volume    = {593},
  number    = {1},
  pages     = {463--471},
  month     = {aug},
  doi       = {10.1086/376515},
  publisher = {{IOP} Publishing},
  url       = {https://doi.org/10.1086},
}

@Article{Tews_2017,
  author    = {Ingo Tews and James M. Lattimer and Akira Ohnishi and Evgeni E. Kolomeitsev},
  title     = {Symmetry Parameter Constraints from a Lower Bound on Neutron-matter Energy},
  journal   = {The Astrophysical Journal},
  year      = {2017},
  volume    = {848},
  number    = {2},
  pages     = {105},
  month     = {oct},
  doi       = {10.3847/1538-4357/aa8db9},
  publisher = {American Astronomical Society},
  url       = {https://doi.org/10.3847},
}

@Article{NICER:nsradius,
  author        = {Ozel, Feryal and Psaltis, Dimitrios and Arzoumanian, Zaven and Morsink, Sharon and Baubock, Michi},
  title         = {{Measuring Neutron Star Radii via Pulse Profile Modeling with NICER}},
  journal       = {Astrophys. J.},
  year          = {2016},
  volume        = {832},
  number        = {1},
  pages         = {92},
  archiveprefix = {arXiv},
  doi           = {10.3847/0004-637X/832/1/92},
  eprint        = {1512.03067},
  primaryclass  = {astro-ph.HE},
  slaccitation  = {%%CITATION = ARXIV:1512.03067;%%},
}

@Article{Yagi_EApulsar2,
  author        = {Yagi, Kent and Blas, Diego and Barausse, Enrico and Yunes, Nicol�s},
  title         = {{Constraints on Einstein-AEther theory and Horava gravity from binary pulsar observations}},
  journal       = {Phys. Rev.},
  year          = {2014},
  volume        = {D89},
  number        = {8},
  pages         = {084067},
  note          = {[Erratum: Phys. Rev.D90,no.6,069901(2014)]},
  archiveprefix = {arXiv},
  doi           = {10.1103/PhysRevD.90.069902, 10.1103/PhysRevD.90.069901,
                        10.1103/PhysRevD.89.084067},
  eprint        = {1311.7144},
  primaryclass  = {gr-qc},
  reportnumber  = {CERN-PH-TH-2013-262},
  slaccitation  = {%%CITATION = ARXIV:1311.7144;%%},
}

@Article{Yagi_EApulsar1,
  author        = {Yagi, Kent and Blas, Diego and Yunes, Nicol�s and Barausse, Enrico},
  title         = {{Strong Binary Pulsar Constraints on Lorentz Violation in Gravity}},
  journal       = {Phys. Rev. Lett.},
  year          = {2014},
  volume        = {112},
  number        = {16},
  pages         = {161101},
  archiveprefix = {arXiv},
  doi           = {10.1103/PhysRevLett.112.161101},
  eprint        = {1307.6219},
  primaryclass  = {gr-qc},
  reportnumber  = {CERN-PH-TH-2013-167},
  slaccitation  = {%%CITATION = ARXIV:1307.6219;%%},
}

@Article{Yunes_ModifiedPhysics,
  author    = {Yunes, Nicol\'as and Yagi, Kent and Pretorius, Frans},
  title     = {Theoretical physics implications of the binary black-hole mergers GW150914 and GW151226},
  journal   = {Phys. Rev. D},
  year      = {2016},
  volume    = {94},
  pages     = {084002},
  month     = {Oct},
  doi       = {10.1103/PhysRevD.94.084002},
  issue     = {8},
  numpages  = {42},
  publisher = {American Physical Society},
  url       = {https://link.aps.org/doi/10.1103/PhysRevD.94.084002},
}

@Article{Berti:spaceFreq,
  author        = {Berti, Emanuele and Buonanno, Alessandra and Will, Clifford M.},
  title         = {{Estimating spinning binary parameters and testing alternative theories of gravity with LISA}},
  journal       = {Phys. Rev.},
  year          = {2005},
  volume        = {D71},
  pages         = {084025},
  archiveprefix = {arXiv},
  doi           = {10.1103/PhysRevD.71.084025},
  eprint        = {gr-qc/0411129},
  primaryclass  = {gr-qc},
  slaccitation  = {%%CITATION = GR-QC/0411129;%%},
}

@Article{TheVirgo:2014hva,
  author        = {Acernese, F. and others},
  title         = {{Advanced Virgo: a second-generation interferometric gravitational wave detector}},
  journal       = {Class. Quant. Grav.},
  year          = {2015},
  volume        = {32},
  number        = {2},
  pages         = {024001},
  archiveprefix = {arXiv},
  collaboration = {VIRGO},
  doi           = {10.1088/0264-9381/32/2/024001},
  eprint        = {1408.3978},
  primaryclass  = {gr-qc},
  slaccitation  = {%%CITATION = ARXIV:1408.3978;%%},
}

@Misc{GWOSC,
  author       = {{Gravitational Wave Open Science Center (GWOSC)}},
  howpublished = {\url{https://www.gw-openscience.org/}},
}

@Article{Wade:tidalCorrections,
  author    = {Wade, Leslie and Creighton, Jolien D. E. and Ochsner, Evan and Lackey, Benjamin D. and Farr, Benjamin F. and Littenberg, Tyson B. and Raymond, Vivien},
  title     = {Systematic and statistical errors in a Bayesian approach to the estimation of the neutron-star equation of state using advanced gravitational wave detectors},
  journal   = {Phys. Rev. D},
  year      = {2014},
  volume    = {89},
  pages     = {103012},
  month     = {May},
  doi       = {10.1103/PhysRevD.89.103012},
  issue     = {10},
  numpages  = {14},
  publisher = {American Physical Society},
  url       = {https://link.aps.org/doi/10.1103/PhysRevD.89.103012},
}

@article{Yagi:binLove,
	doi = {10.1088/1361-6382/34/1/015006},
	url = {https://doi.org/10.1088%2F1361-6382%2F34%2F1%2F015006},
	year = 2016,
	month = {dec},
	publisher = {{IOP} Publishing},
	volume = {34},
	number = {1},
	pages = {015006},
	author = {Kent Yagi and Nicol{\'{a}}s Yunes},
	title = {Approximate universal relations among tidal parameters for neutron star binaries},
	journal = {Classical and Quantum Gravity},
}

@Article{Lindblom:parameters,
  author    = {Lindblom, Lee and Indik, Nathaniel M.},
  title     = {Spectral approach to the relativistic inverse stellar structure problem},
  journal   = {Phys. Rev. D},
  year      = {2012},
  volume    = {86},
  pages     = {084003},
  month     = {Oct},
  doi       = {10.1103/PhysRevD.86.084003},
  issue     = {8},
  numpages  = {12},
  publisher = {American Physical Society},
  url       = {https://link.aps.org/doi/10.1103/PhysRevD.86.084003},
}

@Article{Lindblom:2013kra,
  author        = {Lindblom, Lee and Indik, Nathaniel M.},
  title         = {{Spectral Approach to the Relativistic Inverse Stellar Structure Problem II}},
  journal       = {Phys. Rev.},
  year          = {2014},
  volume        = {D89},
  number        = {6},
  pages         = {064003},
  note          = {[Erratum: Phys. Rev.D93,no.12,129903(2016)]},
  archiveprefix = {arXiv},
  doi           = {10.1103/PhysRevD.89.064003, 10.1103/PhysRevD.93.129903},
  eprint        = {1310.0803},
  primaryclass  = {astro-ph.HE},
  slaccitation  = {%%CITATION = ARXIV:1310.0803;%%},
}

@Article{Chabanat1997,
  author    = {E. Chabanat and P. Bonche and P. Haensel and J. Meyer and R. Schaeffer},
  title     = {A Skyrme parametrization from subnuclear to neutron star densities},
  journal   = {Nuclear Physics A},
  year      = {1997},
  volume    = {627},
  number    = {4},
  pages     = {710--746},
  month     = {dec},
  doi       = {10.1016/s0375-9474(97)00596-4},
  publisher = {Elsevier {BV}},
  url       = {https://doi.org/10.1016/s0375-9474(97)00596-4},
}

@Article{Chabanat1998,
  author    = {E. Chabanat and P. Bonche and P. Haensel and J. Meyer and R. Schaeffer},
  title     = {A Skyrme parametrization from subnuclear to neutron star densities Part {II}. Nuclei far from stabilities},
  journal   = {Nuclear Physics A},
  year      = {1998},
  volume    = {635},
  number    = {1-2},
  pages     = {231--256},
  month     = {may},
  doi       = {10.1016/s0375-9474(98)00180-8},
  publisher = {Elsevier {BV}},
  url       = {https://doi.org/10.1016/s0375-9474(98)00180-8},
}

@Article{Typel1999,
  author    = {S. Typel and H.H. Wolter},
  title     = {Relativistic mean field calculations with density-dependent meson-nucleon coupling},
  journal   = {Nuclear Physics A},
  year      = {1999},
  volume    = {656},
  number    = {3-4},
  pages     = {331--364},
  month     = {sep},
  doi       = {10.1016/s0375-9474(99)00310-3},
  publisher = {Elsevier {BV}},
  url       = {https://doi.org/10.1016/s0375-9474(99)00310-3},
}

@Misc{GWOSC,
  author       = {{Gravitational Wave Open Science Center (GWOSC)}},
  howpublished = {\url{https://www.gw-openscience.org/}},
}

@Article{Damour:1996ke,
  author        = {Damour, Thibault and Esposito-Farese, Gilles},
  title         = {{Tensor - scalar gravity and binary pulsar experiments}},
  journal       = {Phys. Rev.},
  year          = {1996},
  volume        = {D54},
  pages         = {1474-1491},
  archiveprefix = {arXiv},
  doi           = {10.1103/PhysRevD.54.1474},
  eprint        = {gr-qc/9602056},
  primaryclass  = {gr-qc},
  reportnumber  = {IHES-P-96-13, IASSNS-HEP-96-14, BRX-TH-391, CPT-95-PE-3279, CPT-95-P.E.3279},
  slaccitation  = {%%CITATION = GR-QC/9602056;%%},
}

@Article{Abbott:LTposterior,
  author        = {Abbott, B. P. and others},
  title         = {{Properties of the binary neutron star merger GW170817}},
  journal       = {Phys. Rev.},
  year          = {2019},
  volume        = {X9},
  number        = {1},
  pages         = {011001},
  archiveprefix = {arXiv},
  collaboration = {LIGO Scientific, Virgo},
  doi           = {10.1103/PhysRevX.9.011001},
  eprint        = {1805.11579},
  primaryclass  = {gr-qc},
  slaccitation  = {%%CITATION = ARXIV:1805.11579;%%},
}

@Article{Margueron:Ksym,
  author        = {Margueron, Jérôme and Gulminelli, Francesca},
  title         = {{On the effect of high order empirical parameters on the nuclear equation of state}},
  year          = {2018},
  archiveprefix = {arXiv},
  eprint        = {1807.01729},
  primaryclass  = {nucl-th},
  reportnumber  = {INT-PUB-18-028},
  slaccitation  = {%%CITATION = ARXIV:1807.01729;%%},
}

@Article{Landry:2018prl,
  author        = {Landry, Philippe and Essick, Reed},
  title         = {{Non-parametric inference of the neutron star equation of state from gravitational wave observations}},
  year          = {2018},
  archiveprefix = {arXiv},
  eprint        = {1811.12529},
  primaryclass  = {gr-qc},
  slaccitation  = {%%CITATION = ARXIV:1811.12529;%%},
}

@Article{Radice2018b,
  author        = {Radice, David and Dai, Liang},
  title         = {{Multimessenger Parameter Estimation of GW170817}},
  year          = {2018},
  archiveprefix = {arXiv},
  eprint        = {1810.12917},
  primaryclass  = {astro-ph.HE},
  slaccitation  = {%%CITATION = ARXIV:1810.12917;%%},
}

@Article{Yagi2013,
  author    = {Kent Yagi and Nicol{\'{a}}s Yunes},
  title     = {I-Love-Q relations in neutron stars and their applications to astrophysics, gravitational waves, and fundamental physics},
  journal   = {Physical Review D},
  year      = {2013},
  volume    = {88},
  number    = {2},
  month     = {jul},
  doi       = {10.1103/physrevd.88.023009},
  publisher = {American Physical Society ({APS})},
  url       = {https://doi.org/10.1103/physrevd.88.023009},
}

@Article{Zhao:2018nyf,
  author        = {Zhao, Tianqi and Lattimer, James M.},
  title         = {{Tidal Deformabilities and Neutron Star Mergers}},
  journal       = {Phys. Rev.},
  year          = {2018},
  volume        = {D98},
  number        = {6},
  pages         = {063020},
  archiveprefix = {arXiv},
  doi           = {10.1103/PhysRevD.98.063020},
  eprint        = {1808.02858},
  primaryclass  = {astro-ph.HE},
  slaccitation  = {%%CITATION = ARXIV:1808.02858;%%},
}

@Misc{Ap_Voyager_CE,
  title        = {Ligo-t1400316-v4: Instrument science white paper},
  howpublished = {\url{https://dcc.ligo.org/ligo-T1400316/public}},
  note         = {Accessed: 2019-01-10},
  url          = {https://dcc.ligo.org/ligo-T1400316/public},
}

@Misc{ET,
  title        = {The {ET} project Website},
  howpublished = {\url{http://www.et-gw.eu/}},
  note         = {Accessed: 2019-01-10},
  url          = {http://www.et-gw.eu/},
}

@Misc{aLIGO,
  title        = {Advanced {LIGO}},
  howpublished = {\url{https://www.advancedligo.mit.edu/}},
  note         = {Accessed: 2019-01-10},
  url          = {https://www.advancedligo.mit,.edu/},
}

@Article{Landry:2018prl,
  author        = {Landry, Philippe and Essick, Reed},
  title         = {{Nonparametric inference of the neutron star equation of state from gravitational wave observations}},
  journal       = {Phys. Rev.},
  year          = {2019},
  volume        = {D99},
  number        = {8},
  pages         = {084049},
  archiveprefix = {arXiv},
  doi           = {10.1103/PhysRevD.99.084049},
  eprint        = {1811.12529},
  primaryclass  = {gr-qc},
  slaccitation  = {%%CITATION = ARXIV:1811.12529;%%},
}

@Article{Binnington:2009bb,
  author        = {Binnington, Taylor and Poisson, Eric},
  title         = {{Relativistic theory of tidal Love numbers}},
  journal       = {Phys. Rev.},
  year          = {2009},
  volume        = {D80},
  pages         = {084018},
  archiveprefix = {arXiv},
  doi           = {10.1103/PhysRevD.80.084018},
  eprint        = {0906.1366},
  primaryclass  = {gr-qc},
  slaccitation  = {%%CITATION = ARXIV:0906.1366;%%},
}

@Misc{Kristen,
  author = {Schumacher, K., and Zimmerman, J., and Carson, Z., and Yagi, K.},
  year   = {in preparation},
}

@Article{steiner-lattimer-brown,
  author        = {Steiner, Andrew W. and Lattimer, James M. and Brown, Edward F.},
  title         = {{The Equation of State from Observed Masses and Radii of Neutron Stars}},
  journal       = {Astrophys.J.},
  year          = {2010},
  volume        = {722},
  pages         = {33-54},
  archiveprefix = {arXiv},
  doi           = {10.1088/0004-637X/722/1/33},
  primaryclass  = {astro-ph.HE},
  slaccitation  = {%%CITATION = ARXIV:1005.0811;%%},
}

@Article{Coughlin:2018fis,
  author        = {Coughlin, Michael W. and Dietrich, Tim and Margalit, Ben and Metzger, Brian D.},
  title         = {{Multi-messenger Bayesian parameter inference of a binary neutron-star merger}},
  year          = {2018},
  archiveprefix = {arXiv},
  eprint        = {1812.04803},
  primaryclass  = {astro-ph.HE},
  slaccitation  = {%%CITATION = ARXIV:1812.04803;%%},
}

@Comment{jabref-meta: databaseType:bibtex;}
